%YAML 1.1
%TAG !u! tag:unity3d.com,2011:
--- !u!65 &1291719604511719792
BoxCollider:
  m_ObjectHideFlags: 0
  m_CorrespondingSourceObject: {fileID: 0}
  m_PrefabInstance: {fileID: 0}
  m_PrefabAsset: {fileID: 0}
  m_GameObject: {fileID: 99487671676358925}
  m_Material: {fileID: 0}
  m_IsTrigger: 0
  m_Enabled: 1
  serializedVersion: 2
  m_Size: {x: 3.6590476, y: 0.49201918, z: 2.9373689}
  m_Center: {x: -0.016258895, y: 2.524986, z: -1.389479}
--- !u!65 &1763280146850032402
BoxCollider:
  m_ObjectHideFlags: 0
  m_CorrespondingSourceObject: {fileID: 0}
  m_PrefabInstance: {fileID: 0}
  m_PrefabAsset: {fileID: 0}
  m_GameObject: {fileID: 99487671676358925}
  m_Material: {fileID: 0}
  m_IsTrigger: 0
  m_Enabled: 1
  serializedVersion: 2
  m_Size: {x: 4.722533, y: 2.9439173, z: 2.3136983}
  m_Center: {x: -0.00000023841858, y: 1.3671796, z: -3.8136177}
--- !u!65 &8319002916230012723
BoxCollider:
  m_ObjectHideFlags: 0
  m_CorrespondingSourceObject: {fileID: 0}
  m_PrefabInstance: {fileID: 0}
  m_PrefabAsset: {fileID: 0}
  m_GameObject: {fileID: 99487671676358925}
  m_Material: {fileID: 0}
  m_IsTrigger: 0
  m_Enabled: 1
  serializedVersion: 2
  m_Size: {x: 2.895666, y: 2.83616, z: 5.1188583}
  m_Center: {x: 3.274327, y: 1.3883125, z: -2.4802244}
--- !u!65 &8533842887780168802
BoxCollider:
  m_ObjectHideFlags: 0
  m_CorrespondingSourceObject: {fileID: 0}
  m_PrefabInstance: {fileID: 0}
  m_PrefabAsset: {fileID: 0}
  m_GameObject: {fileID: 99487671676358925}
  m_Material: {fileID: 0}
  m_IsTrigger: 0
  m_Enabled: 1
  serializedVersion: 2
  m_Size: {x: 3.1203945, y: 2.83616, z: 4.957818}
  m_Center: {x: -3.4013035, y: 1.3883125, z: -2.399704}
--- !u!114 &4129679667688789429
MonoBehaviour:
  m_ObjectHideFlags: 0
  m_CorrespondingSourceObject: {fileID: 0}
  m_PrefabInstance: {fileID: 0}
  m_PrefabAsset: {fileID: 0}
  m_GameObject: {fileID: 99487671676358925}
  m_Enabled: 1
  m_EditorHideFlags: 0
  m_Script: {fileID: 11500000, guid: 3207af9bb22227b44bd580fe1e3da798, type: 3}
  m_Name: 
  m_EditorClassIdentifier: 
  triggerList: f7e1664c
  useOtherObject: 0
  actionOnEventType: 0
  curveInterpolation: 4
  enableActionOnEvent: 0
  data:
    idInternal: 0
    valueGuidInternal: 
    WwiseObjectReference: {fileID: 11400000, guid: 1a964c3366d20414cae6804b29d7f50e, type: 2}
  useCallbacks: 0
  Callbacks: []
  playingId: 0
  soundEmitterObject: {fileID: 0}
  transitionDuration: 0
  eventIdInternal: 0
  valueGuidInternal: 
  m_callbackDataInternal: {fileID: 0}
--- !u!114 &4356346000501291028
MonoBehaviour:
  m_ObjectHideFlags: 0
  m_CorrespondingSourceObject: {fileID: 0}
  m_PrefabInstance: {fileID: 0}
  m_PrefabAsset: {fileID: 0}
  m_GameObject: {fileID: 99487671676358925}
  m_Enabled: 0
  m_EditorHideFlags: 0
  m_Script: {fileID: 11500000, guid: aeace4653d12b184eb0b08e307fd740f, type: 3}
  m_Name: 
  m_EditorClassIdentifier: 
  m_listeners:
    initialListenerList: []
    useDefaultListeners: 1
  isEnvironmentAware: 1
  isStaticObject: 1
  m_positionOffsetData:
    KeepMe: 0
    positionOffset: {x: 0, y: 0, z: 0}
  m_posOffsetData: {fileID: 0}
  listenerMask: 1
--- !u!1 &5191544064316748155
GameObject:
  m_ObjectHideFlags: 0
  m_CorrespondingSourceObject: {fileID: 0}
  m_PrefabInstance: {fileID: 0}
  m_PrefabAsset: {fileID: 0}
  serializedVersion: 6
  m_Component:
  - component: {fileID: 5191544064316748154}
  m_Layer: 0
  m_Name: EndingPoint
  m_TagString: Untagged
  m_Icon: {fileID: 0}
  m_NavMeshLayer: 0
  m_StaticEditorFlags: 0
  m_IsActive: 1
--- !u!4 &5191544064316748154
Transform:
  m_ObjectHideFlags: 0
  m_CorrespondingSourceObject: {fileID: 0}
  m_PrefabInstance: {fileID: 0}
  m_PrefabAsset: {fileID: 0}
  m_GameObject: {fileID: 5191544064316748155}
  m_LocalRotation: {x: 0, y: 0, z: 0, w: 1}
  m_LocalPosition: {x: 9.499999, y: 0, z: 0}
  m_LocalScale: {x: 1, y: 1, z: 1}
  m_Children:
  - {fileID: 732577308362967991}
  - {fileID: 1668872008503281761}
  m_Father: {fileID: 5191544065472335260}
  m_RootOrder: 1
  m_LocalEulerAnglesHint: {x: 0, y: 0, z: 0}
--- !u!1 &5191544065472335258
GameObject:
  m_ObjectHideFlags: 0
  m_CorrespondingSourceObject: {fileID: 0}
  m_PrefabInstance: {fileID: 0}
  m_PrefabAsset: {fileID: 0}
  serializedVersion: 6
  m_Component:
  - component: {fileID: 5191544065472335260}
  - component: {fileID: 5191544065472335261}
  - component: {fileID: -7175894875135907309}
  m_Layer: 0
  m_Name: ConveyorBelt_Big
  m_TagString: Untagged
  m_Icon: {fileID: 0}
  m_NavMeshLayer: 0
  m_StaticEditorFlags: 0
  m_IsActive: 1
--- !u!4 &5191544065472335260
Transform:
  m_ObjectHideFlags: 0
  m_CorrespondingSourceObject: {fileID: 0}
  m_PrefabInstance: {fileID: 0}
  m_PrefabAsset: {fileID: 0}
  m_GameObject: {fileID: 5191544065472335258}
  m_LocalRotation: {x: 0, y: 0, z: 0, w: 1}
  m_LocalPosition: {x: 0, y: 0, z: 0}
  m_LocalScale: {x: 1, y: 1, z: 1}
  m_Children:
  - {fileID: 5191544066035690245}
  - {fileID: 5191544064316748154}
  m_Father: {fileID: 0}
  m_RootOrder: 0
  m_LocalEulerAnglesHint: {x: 0, y: 0, z: 0}
--- !u!114 &5191544065472335261
MonoBehaviour:
  m_ObjectHideFlags: 0
  m_CorrespondingSourceObject: {fileID: 0}
  m_PrefabInstance: {fileID: 0}
  m_PrefabAsset: {fileID: 0}
  m_GameObject: {fileID: 5191544065472335258}
  m_Enabled: 1
  m_EditorHideFlags: 0
  m_Script: {fileID: 11500000, guid: 4ae9104897fe31942b3576839a32c493, type: 3}
  m_Name: 
  m_EditorClassIdentifier: 
  PrefabConveyorBelt: {fileID: 6526942142010599231, guid: 12abe8900cbabc745a405c8860bab4eb, type: 3}
  Speed: 1
  Spacing: 0.1
  StartingPoint: {fileID: 5191544066035690242}
  EndingPoint: {fileID: 5191544064316748155}
  TimeObjectSpawn: 5
  PullObject: []
--- !u!54 &-7175894875135907309
Rigidbody:
  m_ObjectHideFlags: 0
  m_CorrespondingSourceObject: {fileID: 0}
  m_PrefabInstance: {fileID: 0}
  m_PrefabAsset: {fileID: 0}
  m_GameObject: {fileID: 5191544065472335258}
  serializedVersion: 2
  m_Mass: 1
  m_Drag: 0
  m_AngularDrag: 0.05
  m_UseGravity: 1
  m_IsKinematic: 1
  m_Interpolate: 0
  m_Constraints: 0
  m_CollisionDetection: 0
--- !u!1 &5191544066035690242
GameObject:
  m_ObjectHideFlags: 0
  m_CorrespondingSourceObject: {fileID: 0}
  m_PrefabInstance: {fileID: 0}
  m_PrefabAsset: {fileID: 0}
  serializedVersion: 6
  m_Component:
  - component: {fileID: 5191544066035690245}
  m_Layer: 0
  m_Name: StartingPoint
  m_TagString: Untagged
  m_Icon: {fileID: 0}
  m_NavMeshLayer: 0
  m_StaticEditorFlags: 0
  m_IsActive: 1
--- !u!4 &5191544066035690245
Transform:
  m_ObjectHideFlags: 0
  m_CorrespondingSourceObject: {fileID: 0}
  m_PrefabInstance: {fileID: 0}
  m_PrefabAsset: {fileID: 0}
  m_GameObject: {fileID: 5191544066035690242}
  m_LocalRotation: {x: 0, y: 0, z: 0, w: 1}
  m_LocalPosition: {x: -8, y: 0, z: 0}
  m_LocalScale: {x: 1, y: 1, z: 1}
  m_Children:
  - {fileID: 8149472113694648915}
  m_Father: {fileID: 5191544065472335260}
  m_RootOrder: 0
  m_LocalEulerAnglesHint: {x: 0, y: 0, z: 0}
--- !u!65 &339088522883580329
BoxCollider:
  m_ObjectHideFlags: 0
  m_CorrespondingSourceObject: {fileID: 0}
  m_PrefabInstance: {fileID: 0}
  m_PrefabAsset: {fileID: 0}
  m_GameObject: {fileID: 8814508850658472169}
  m_Material: {fileID: 0}
  m_IsTrigger: 0
  m_Enabled: 1
  serializedVersion: 2
  m_Size: {x: 2.674763, y: 2.83616, z: 4.8235598}
  m_Center: {x: 3.163877, y: 1.3883125, z: -2.3325748}
--- !u!65 &1217946980819408358
BoxCollider:
  m_ObjectHideFlags: 0
  m_CorrespondingSourceObject: {fileID: 0}
  m_PrefabInstance: {fileID: 0}
  m_PrefabAsset: {fileID: 0}
  m_GameObject: {fileID: 8814508850658472169}
  m_Material: {fileID: 0}
  m_IsTrigger: 0
  m_Enabled: 1
  serializedVersion: 2
  m_Size: {x: 2.2246923, y: 2.83616, z: 4.842334}
  m_Center: {x: -2.9534538, y: 1.3883125, z: -2.3419614}
--- !u!65 &1291854166132166108
BoxCollider:
  m_ObjectHideFlags: 0
  m_CorrespondingSourceObject: {fileID: 0}
  m_PrefabInstance: {fileID: 0}
  m_PrefabAsset: {fileID: 0}
  m_GameObject: {fileID: 8814508850658472169}
  m_Material: {fileID: 0}
  m_IsTrigger: 0
  m_Enabled: 1
  serializedVersion: 2
  m_Size: {x: 4.722533, y: 2.9439173, z: 1.8255758}
  m_Center: {x: -0.00000023841858, y: 1.3671796, z: -3.8100054}
--- !u!65 &1843864551462258231
BoxCollider:
  m_ObjectHideFlags: 0
  m_CorrespondingSourceObject: {fileID: 0}
  m_PrefabInstance: {fileID: 0}
  m_PrefabAsset: {fileID: 0}
  m_GameObject: {fileID: 8814508850658472169}
  m_Material: {fileID: 0}
  m_IsTrigger: 0
  m_Enabled: 1
  serializedVersion: 2
  m_Size: {x: 3.6590476, y: 0.49201918, z: 2.9373689}
  m_Center: {x: -0.016258895, y: 2.524986, z: -1.389479}
--- !u!114 &810247170978379596
MonoBehaviour:
  m_ObjectHideFlags: 0
  m_CorrespondingSourceObject: {fileID: 0}
  m_PrefabInstance: {fileID: 0}
  m_PrefabAsset: {fileID: 0}
  m_GameObject: {fileID: 8814508850658472169}
  m_Enabled: 1
  m_EditorHideFlags: 0
  m_Script: {fileID: 11500000, guid: 3207af9bb22227b44bd580fe1e3da798, type: 3}
  m_Name: 
  m_EditorClassIdentifier: 
  triggerList: f7e1664c
  useOtherObject: 0
  actionOnEventType: 0
  curveInterpolation: 4
  enableActionOnEvent: 0
  data:
    idInternal: 0
    valueGuidInternal: 
    WwiseObjectReference: {fileID: 11400000, guid: 1a964c3366d20414cae6804b29d7f50e, type: 2}
  useCallbacks: 0
  Callbacks: []
  playingId: 0
  soundEmitterObject: {fileID: 0}
  transitionDuration: 0
  eventIdInternal: 0
  valueGuidInternal: 
  m_callbackDataInternal: {fileID: 0}
--- !u!114 &8922233731407622763
MonoBehaviour:
  m_ObjectHideFlags: 0
  m_CorrespondingSourceObject: {fileID: 0}
  m_PrefabInstance: {fileID: 0}
  m_PrefabAsset: {fileID: 0}
  m_GameObject: {fileID: 8814508850658472169}
  m_Enabled: 0
  m_EditorHideFlags: 0
  m_Script: {fileID: 11500000, guid: aeace4653d12b184eb0b08e307fd740f, type: 3}
  m_Name: 
  m_EditorClassIdentifier: 
  m_listeners:
    initialListenerList: []
    useDefaultListeners: 1
  isEnvironmentAware: 1
  isStaticObject: 1
  m_positionOffsetData:
    KeepMe: 0
    positionOffset: {x: 0, y: 0, z: 0}
  m_posOffsetData: {fileID: 0}
  listenerMask: 1
--- !u!1001 &981813663721712732
PrefabInstance:
  m_ObjectHideFlags: 0
  serializedVersion: 2
  m_Modification:
    m_TransformParent: {fileID: 5191544064316748154}
    m_Modifications:
    - target: {fileID: -8679921383154817045, guid: 03fbd658eb97e874fbd44da2cea431a4, type: 3}
      propertyPath: m_RootOrder
      value: 0
      objectReference: {fileID: 0}
    - target: {fileID: -8679921383154817045, guid: 03fbd658eb97e874fbd44da2cea431a4, type: 3}
      propertyPath: m_LocalPosition.x
      value: -1.0734701
      objectReference: {fileID: 0}
    - target: {fileID: -8679921383154817045, guid: 03fbd658eb97e874fbd44da2cea431a4, type: 3}
      propertyPath: m_LocalPosition.y
      value: 0
      objectReference: {fileID: 0}
    - target: {fileID: -8679921383154817045, guid: 03fbd658eb97e874fbd44da2cea431a4, type: 3}
      propertyPath: m_LocalPosition.z
      value: 0
      objectReference: {fileID: 0}
    - target: {fileID: -8679921383154817045, guid: 03fbd658eb97e874fbd44da2cea431a4, type: 3}
      propertyPath: m_LocalRotation.w
      value: 0.7071068
      objectReference: {fileID: 0}
    - target: {fileID: -8679921383154817045, guid: 03fbd658eb97e874fbd44da2cea431a4, type: 3}
      propertyPath: m_LocalRotation.x
      value: 0
      objectReference: {fileID: 0}
    - target: {fileID: -8679921383154817045, guid: 03fbd658eb97e874fbd44da2cea431a4, type: 3}
      propertyPath: m_LocalRotation.y
      value: -0.7071068
      objectReference: {fileID: 0}
    - target: {fileID: -8679921383154817045, guid: 03fbd658eb97e874fbd44da2cea431a4, type: 3}
      propertyPath: m_LocalRotation.z
      value: 0
      objectReference: {fileID: 0}
    - target: {fileID: -8679921383154817045, guid: 03fbd658eb97e874fbd44da2cea431a4, type: 3}
      propertyPath: m_LocalEulerAnglesHint.x
      value: 0
      objectReference: {fileID: 0}
    - target: {fileID: -8679921383154817045, guid: 03fbd658eb97e874fbd44da2cea431a4, type: 3}
      propertyPath: m_LocalEulerAnglesHint.y
      value: -90
      objectReference: {fileID: 0}
    - target: {fileID: -8679921383154817045, guid: 03fbd658eb97e874fbd44da2cea431a4, type: 3}
      propertyPath: m_LocalEulerAnglesHint.z
      value: 0
      objectReference: {fileID: 0}
    - target: {fileID: -7511558181221131132, guid: 03fbd658eb97e874fbd44da2cea431a4, type: 3}
      propertyPath: m_ScaleInLightmap
      value: 3
      objectReference: {fileID: 0}
    - target: {fileID: -7511558181221131132, guid: 03fbd658eb97e874fbd44da2cea431a4, type: 3}
      propertyPath: m_Materials.Array.data[0]
      value: 
      objectReference: {fileID: 2100000, guid: 58156e373dcb24f4a930bf22d3cae88a, type: 2}
    - target: {fileID: -7511558181221131132, guid: 03fbd658eb97e874fbd44da2cea431a4, type: 3}
      propertyPath: m_Materials.Array.data[1]
      value: 
      objectReference: {fileID: 2100000, guid: 58156e373dcb24f4a930bf22d3cae88a, type: 2}
    - target: {fileID: -7511558181221131132, guid: 03fbd658eb97e874fbd44da2cea431a4, type: 3}
      propertyPath: m_Materials.Array.data[2]
      value: 
      objectReference: {fileID: 2100000, guid: 16ad9c091972cc14a899ffb29267d3b3, type: 2}
    - target: {fileID: -5754084199372789682, guid: 03fbd658eb97e874fbd44da2cea431a4, type: 3}
      propertyPath: m_Mesh
      value: 
      objectReference: {fileID: 214052017888239308, guid: 10cbf100fc3fc604f856ef5b3fed4e03, type: 3}
    - target: {fileID: 919132149155446097, guid: 03fbd658eb97e874fbd44da2cea431a4, type: 3}
      propertyPath: m_Name
      value: M_SM_All_Travolator_EntryExit_Big
      objectReference: {fileID: 0}
    - target: {fileID: 919132149155446097, guid: 03fbd658eb97e874fbd44da2cea431a4, type: 3}
      propertyPath: m_StaticEditorFlags
      value: 4294967295
      objectReference: {fileID: 0}
    m_RemovedComponents: []
  m_SourcePrefab: {fileID: 100100000, guid: 03fbd658eb97e874fbd44da2cea431a4, type: 3}
--- !u!1 &99487671676358925 stripped
GameObject:
  m_CorrespondingSourceObject: {fileID: 919132149155446097, guid: 03fbd658eb97e874fbd44da2cea431a4, type: 3}
  m_PrefabInstance: {fileID: 981813663721712732}
  m_PrefabAsset: {fileID: 0}
--- !u!4 &732577308362967991 stripped
Transform:
  m_CorrespondingSourceObject: {fileID: -8679921383154817045, guid: 03fbd658eb97e874fbd44da2cea431a4, type: 3}
  m_PrefabInstance: {fileID: 981813663721712732}
  m_PrefabAsset: {fileID: 0}
--- !u!1001 &3975047134673377325
PrefabInstance:
  m_ObjectHideFlags: 0
  serializedVersion: 2
  m_Modification:
    m_TransformParent: {fileID: 5191544064316748154}
    m_Modifications:
    - target: {fileID: 1548706070697737706, guid: cc7b0658d47ba2b4792292a5e8ab71b3, type: 3}
      propertyPath: m_Name
      value: Destroyer
      objectReference: {fileID: 0}
    - target: {fileID: 2306742895086555212, guid: cc7b0658d47ba2b4792292a5e8ab71b3, type: 3}
      propertyPath: m_RootOrder
      value: 1
      objectReference: {fileID: 0}
    - target: {fileID: 2306742895086555212, guid: cc7b0658d47ba2b4792292a5e8ab71b3, type: 3}
      propertyPath: m_LocalPosition.x
      value: 0.736
      objectReference: {fileID: 0}
    - target: {fileID: 2306742895086555212, guid: cc7b0658d47ba2b4792292a5e8ab71b3, type: 3}
      propertyPath: m_LocalPosition.y
      value: 0.487
      objectReference: {fileID: 0}
    - target: {fileID: 2306742895086555212, guid: cc7b0658d47ba2b4792292a5e8ab71b3, type: 3}
      propertyPath: m_LocalPosition.z
      value: 0
      objectReference: {fileID: 0}
    - target: {fileID: 2306742895086555212, guid: cc7b0658d47ba2b4792292a5e8ab71b3, type: 3}
      propertyPath: m_LocalRotation.w
      value: 1
      objectReference: {fileID: 0}
    - target: {fileID: 2306742895086555212, guid: cc7b0658d47ba2b4792292a5e8ab71b3, type: 3}
      propertyPath: m_LocalRotation.x
      value: 0
      objectReference: {fileID: 0}
    - target: {fileID: 2306742895086555212, guid: cc7b0658d47ba2b4792292a5e8ab71b3, type: 3}
      propertyPath: m_LocalRotation.y
      value: 0
      objectReference: {fileID: 0}
    - target: {fileID: 2306742895086555212, guid: cc7b0658d47ba2b4792292a5e8ab71b3, type: 3}
      propertyPath: m_LocalRotation.z
      value: 0
      objectReference: {fileID: 0}
    - target: {fileID: 2306742895086555212, guid: cc7b0658d47ba2b4792292a5e8ab71b3, type: 3}
      propertyPath: m_LocalEulerAnglesHint.x
      value: 0
      objectReference: {fileID: 0}
    - target: {fileID: 2306742895086555212, guid: cc7b0658d47ba2b4792292a5e8ab71b3, type: 3}
      propertyPath: m_LocalEulerAnglesHint.y
      value: 0
      objectReference: {fileID: 0}
    - target: {fileID: 2306742895086555212, guid: cc7b0658d47ba2b4792292a5e8ab71b3, type: 3}
      propertyPath: m_LocalEulerAnglesHint.z
      value: 0
      objectReference: {fileID: 0}
    - target: {fileID: 5253614222418340814, guid: cc7b0658d47ba2b4792292a5e8ab71b3, type: 3}
      propertyPath: m_Size.x
      value: 0.5704031
      objectReference: {fileID: 0}
    - target: {fileID: 5253614222418340814, guid: cc7b0658d47ba2b4792292a5e8ab71b3, type: 3}
      propertyPath: m_Size.y
      value: 1.2976727
      objectReference: {fileID: 0}
    - target: {fileID: 5253614222418340814, guid: cc7b0658d47ba2b4792292a5e8ab71b3, type: 3}
      propertyPath: m_Size.z
      value: 2.2466483
      objectReference: {fileID: 0}
    - target: {fileID: 5253614222418340814, guid: cc7b0658d47ba2b4792292a5e8ab71b3, type: 3}
      propertyPath: m_Center.x
      value: 0.3606782
      objectReference: {fileID: 0}
    - target: {fileID: 5253614222418340814, guid: cc7b0658d47ba2b4792292a5e8ab71b3, type: 3}
      propertyPath: m_Center.y
      value: 0.3295387
      objectReference: {fileID: 0}
    - target: {fileID: 5253614222418340814, guid: cc7b0658d47ba2b4792292a5e8ab71b3, type: 3}
      propertyPath: m_Center.z
      value: 0.029737473
      objectReference: {fileID: 0}
    m_RemovedComponents: []
  m_SourcePrefab: {fileID: 100100000, guid: cc7b0658d47ba2b4792292a5e8ab71b3, type: 3}
--- !u!4 &1668872008503281761 stripped
Transform:
  m_CorrespondingSourceObject: {fileID: 2306742895086555212, guid: cc7b0658d47ba2b4792292a5e8ab71b3, type: 3}
  m_PrefabInstance: {fileID: 3975047134673377325}
  m_PrefabAsset: {fileID: 0}
--- !u!1001 &8543896703689149880
PrefabInstance:
  m_ObjectHideFlags: 0
  serializedVersion: 2
  m_Modification:
    m_TransformParent: {fileID: 5191544066035690245}
    m_Modifications:
    - target: {fileID: -8679921383154817045, guid: 03fbd658eb97e874fbd44da2cea431a4, type: 3}
      propertyPath: m_RootOrder
      value: 0
      objectReference: {fileID: 0}
    - target: {fileID: -8679921383154817045, guid: 03fbd658eb97e874fbd44da2cea431a4, type: 3}
      propertyPath: m_LocalPosition.x
      value: 1.914
      objectReference: {fileID: 0}
    - target: {fileID: -8679921383154817045, guid: 03fbd658eb97e874fbd44da2cea431a4, type: 3}
      propertyPath: m_LocalPosition.y
      value: 0
      objectReference: {fileID: 0}
    - target: {fileID: -8679921383154817045, guid: 03fbd658eb97e874fbd44da2cea431a4, type: 3}
      propertyPath: m_LocalPosition.z
      value: -0
      objectReference: {fileID: 0}
    - target: {fileID: -8679921383154817045, guid: 03fbd658eb97e874fbd44da2cea431a4, type: 3}
      propertyPath: m_LocalRotation.w
      value: 0.7071068
      objectReference: {fileID: 0}
    - target: {fileID: -8679921383154817045, guid: 03fbd658eb97e874fbd44da2cea431a4, type: 3}
      propertyPath: m_LocalRotation.x
      value: 0
      objectReference: {fileID: 0}
    - target: {fileID: -8679921383154817045, guid: 03fbd658eb97e874fbd44da2cea431a4, type: 3}
      propertyPath: m_LocalRotation.y
      value: 0.7071068
      objectReference: {fileID: 0}
    - target: {fileID: -8679921383154817045, guid: 03fbd658eb97e874fbd44da2cea431a4, type: 3}
      propertyPath: m_LocalRotation.z
      value: 0
      objectReference: {fileID: 0}
    - target: {fileID: -8679921383154817045, guid: 03fbd658eb97e874fbd44da2cea431a4, type: 3}
      propertyPath: m_LocalEulerAnglesHint.x
      value: 0
      objectReference: {fileID: 0}
    - target: {fileID: -8679921383154817045, guid: 03fbd658eb97e874fbd44da2cea431a4, type: 3}
      propertyPath: m_LocalEulerAnglesHint.y
      value: 90
      objectReference: {fileID: 0}
    - target: {fileID: -8679921383154817045, guid: 03fbd658eb97e874fbd44da2cea431a4, type: 3}
      propertyPath: m_LocalEulerAnglesHint.z
      value: 0
      objectReference: {fileID: 0}
    - target: {fileID: -7511558181221131132, guid: 03fbd658eb97e874fbd44da2cea431a4, type: 3}
      propertyPath: m_ScaleInLightmap
      value: 3
      objectReference: {fileID: 0}
    - target: {fileID: -7511558181221131132, guid: 03fbd658eb97e874fbd44da2cea431a4, type: 3}
      propertyPath: m_Materials.Array.data[0]
      value: 
      objectReference: {fileID: 2100000, guid: 58156e373dcb24f4a930bf22d3cae88a, type: 2}
    - target: {fileID: -7511558181221131132, guid: 03fbd658eb97e874fbd44da2cea431a4, type: 3}
      propertyPath: m_Materials.Array.data[1]
      value: 
      objectReference: {fileID: 2100000, guid: 58156e373dcb24f4a930bf22d3cae88a, type: 2}
    - target: {fileID: -7511558181221131132, guid: 03fbd658eb97e874fbd44da2cea431a4, type: 3}
      propertyPath: m_Materials.Array.data[2]
      value: 
      objectReference: {fileID: 2100000, guid: 16ad9c091972cc14a899ffb29267d3b3, type: 2}
    - target: {fileID: -5754084199372789682, guid: 03fbd658eb97e874fbd44da2cea431a4, type: 3}
      propertyPath: m_Mesh
      value: 
      objectReference: {fileID: 214052017888239308, guid: 10cbf100fc3fc604f856ef5b3fed4e03, type: 3}
    - target: {fileID: 919132149155446097, guid: 03fbd658eb97e874fbd44da2cea431a4, type: 3}
      propertyPath: m_Name
      value: M_SM_All_Travolator_EntryExit_Big
      objectReference: {fileID: 0}
    - target: {fileID: 919132149155446097, guid: 03fbd658eb97e874fbd44da2cea431a4, type: 3}
      propertyPath: m_StaticEditorFlags
      value: 4294967295
      objectReference: {fileID: 0}
    m_RemovedComponents: []
  m_SourcePrefab: {fileID: 100100000, guid: 03fbd658eb97e874fbd44da2cea431a4, type: 3}
--- !u!1 &8814508850658472169 stripped
GameObject:
  m_CorrespondingSourceObject: {fileID: 919132149155446097, guid: 03fbd658eb97e874fbd44da2cea431a4, type: 3}
  m_PrefabInstance: {fileID: 8543896703689149880}
  m_PrefabAsset: {fileID: 0}
--- !u!4 &8149472113694648915 stripped
Transform:
  m_CorrespondingSourceObject: {fileID: -8679921383154817045, guid: 03fbd658eb97e874fbd44da2cea431a4, type: 3}
  m_PrefabInstance: {fileID: 8543896703689149880}
  m_PrefabAsset: {fileID: 0}
