%YAML 1.1
%TAG !u! tag:unity3d.com,2011:
--- !u!1 &247312060200224673
GameObject:
  m_ObjectHideFlags: 0
  m_CorrespondingSourceObject: {fileID: 0}
  m_PrefabInstance: {fileID: 0}
  m_PrefabAsset: {fileID: 0}
  serializedVersion: 6
  m_Component:
  - component: {fileID: 2340859855484457628}
  m_Layer: 0
  m_Name: Wheel.R_end
  m_TagString: Untagged
  m_Icon: {fileID: 0}
  m_NavMeshLayer: 0
  m_StaticEditorFlags: 0
  m_IsActive: 1
--- !u!4 &2340859855484457628
Transform:
  m_ObjectHideFlags: 0
  m_CorrespondingSourceObject: {fileID: 0}
  m_PrefabInstance: {fileID: 0}
  m_PrefabAsset: {fileID: 0}
  m_GameObject: {fileID: 247312060200224673}
  m_LocalRotation: {x: 0, y: -0, z: -0, w: 1}
  m_LocalPosition: {x: -0, y: 0.0016349887, z: 0}
  m_LocalScale: {x: 1, y: 1, z: 1}
  m_Children: []
  m_Father: {fileID: 3653975468100295834}
  m_RootOrder: 0
  m_LocalEulerAnglesHint: {x: 0, y: 0, z: 0}
--- !u!1 &716973764854182088
GameObject:
  m_ObjectHideFlags: 0
  m_CorrespondingSourceObject: {fileID: 0}
  m_PrefabInstance: {fileID: 0}
  m_PrefabAsset: {fileID: 0}
  serializedVersion: 6
  m_Component:
  - component: {fileID: 8085147372409351799}
  m_Layer: 0
  m_Name: FingerUp.R_end
  m_TagString: Untagged
  m_Icon: {fileID: 0}
  m_NavMeshLayer: 0
  m_StaticEditorFlags: 0
  m_IsActive: 1
--- !u!4 &8085147372409351799
Transform:
  m_ObjectHideFlags: 0
  m_CorrespondingSourceObject: {fileID: 0}
  m_PrefabInstance: {fileID: 0}
  m_PrefabAsset: {fileID: 0}
  m_GameObject: {fileID: 716973764854182088}
  m_LocalRotation: {x: 0, y: -0, z: -0, w: 1}
  m_LocalPosition: {x: -0, y: 0.0010669004, z: 0}
  m_LocalScale: {x: 1, y: 1, z: 1}
  m_Children: []
  m_Father: {fileID: 3783522627608374935}
  m_RootOrder: 0
  m_LocalEulerAnglesHint: {x: 0, y: 0, z: 0}
--- !u!1 &917102221466071478
GameObject:
  m_ObjectHideFlags: 0
  m_CorrespondingSourceObject: {fileID: 0}
  m_PrefabInstance: {fileID: 0}
  m_PrefabAsset: {fileID: 0}
  serializedVersion: 6
  m_Component:
  - component: {fileID: 8433128794268136762}
  m_Layer: 0
  m_Name: Arm.002.R
  m_TagString: Untagged
  m_Icon: {fileID: 0}
  m_NavMeshLayer: 0
  m_StaticEditorFlags: 0
  m_IsActive: 1
--- !u!4 &8433128794268136762
Transform:
  m_ObjectHideFlags: 0
  m_CorrespondingSourceObject: {fileID: 0}
  m_PrefabInstance: {fileID: 0}
  m_PrefabAsset: {fileID: 0}
  m_GameObject: {fileID: 917102221466071478}
  m_LocalRotation: {x: -0.04040277, y: -0.00000015931548, z: -0.00000017329644, w: 0.9991835}
  m_LocalPosition: {x: 2.4739719e-10, y: 0.0014993601, z: 1.646299e-11}
  m_LocalScale: {x: 1, y: 1, z: 1}
  m_Children:
  - {fileID: 8030897280566596292}
  m_Father: {fileID: 3073059512532363390}
  m_RootOrder: 0
  m_LocalEulerAnglesHint: {x: -26.30609, y: -0.000008378356, z: -0.00008280236}
--- !u!1 &946254794835417659
GameObject:
  m_ObjectHideFlags: 0
  m_CorrespondingSourceObject: {fileID: 0}
  m_PrefabInstance: {fileID: 0}
  m_PrefabAsset: {fileID: 0}
  serializedVersion: 6
  m_Component:
  - component: {fileID: 4025350176816847728}
  m_Layer: 0
  m_Name: Hand.L_end
  m_TagString: Untagged
  m_Icon: {fileID: 0}
  m_NavMeshLayer: 0
  m_StaticEditorFlags: 0
  m_IsActive: 1
--- !u!4 &4025350176816847728
Transform:
  m_ObjectHideFlags: 0
  m_CorrespondingSourceObject: {fileID: 0}
  m_PrefabInstance: {fileID: 0}
  m_PrefabAsset: {fileID: 0}
  m_GameObject: {fileID: 946254794835417659}
  m_LocalRotation: {x: 0, y: -0, z: -0, w: 1}
  m_LocalPosition: {x: -0, y: 0.002590583, z: 0}
  m_LocalScale: {x: 1, y: 1, z: 1}
  m_Children: []
  m_Father: {fileID: 3509666921780138707}
  m_RootOrder: 0
  m_LocalEulerAnglesHint: {x: 0, y: 0, z: 0}
--- !u!1 &1143514526675034789
GameObject:
  m_ObjectHideFlags: 0
  m_CorrespondingSourceObject: {fileID: 0}
  m_PrefabInstance: {fileID: 0}
  m_PrefabAsset: {fileID: 0}
  serializedVersion: 6
  m_Component:
  - component: {fileID: 3509666921780138707}
  m_Layer: 0
  m_Name: Hand.L
  m_TagString: Untagged
  m_Icon: {fileID: 0}
  m_NavMeshLayer: 0
  m_StaticEditorFlags: 0
  m_IsActive: 1
--- !u!4 &3509666921780138707
Transform:
  m_ObjectHideFlags: 0
  m_CorrespondingSourceObject: {fileID: 0}
  m_PrefabInstance: {fileID: 0}
  m_PrefabAsset: {fileID: 0}
  m_GameObject: {fileID: 1143514526675034789}
  m_LocalRotation: {x: 0.13592654, y: 3.2317668e-10, z: -0.00000017073631, w: 0.99071896}
  m_LocalPosition: {x: -3.2349462e-10, y: 0.001105801, z: 2.3283064e-10}
  m_LocalScale: {x: 1, y: 1, z: 1}
  m_Children:
  - {fileID: 4025350176816847728}
  m_Father: {fileID: 7984644943629229809}
  m_RootOrder: 0
  m_LocalEulerAnglesHint: {x: 15.624401, y: -0.0000030967037, z: -0.000020619189}
--- !u!1 &1217851016160256091
GameObject:
  m_ObjectHideFlags: 0
  m_CorrespondingSourceObject: {fileID: 0}
  m_PrefabInstance: {fileID: 0}
  m_PrefabAsset: {fileID: 0}
  serializedVersion: 6
  m_Component:
  - component: {fileID: 4286013037978816433}
  m_Layer: 0
  m_Name: Hand.IK.L
  m_TagString: Untagged
  m_Icon: {fileID: 0}
  m_NavMeshLayer: 0
  m_StaticEditorFlags: 0
  m_IsActive: 1
--- !u!4 &4286013037978816433
Transform:
  m_ObjectHideFlags: 0
  m_CorrespondingSourceObject: {fileID: 0}
  m_PrefabInstance: {fileID: 0}
  m_PrefabAsset: {fileID: 0}
  m_GameObject: {fileID: 1217851016160256091}
  m_LocalRotation: {x: -0.7071066, y: -0.00000092184075, z: 0.00000008968374, w: 0.70710695}
  m_LocalPosition: {x: -0.0028087469, y: 0.007854929, z: -0.004130542}
  m_LocalScale: {x: 1, y: 0.99999994, z: 0.99999994}
  m_Children:
  - {fileID: 3439216187504136949}
  m_Father: {fileID: 6217953057725891171}
  m_RootOrder: 4
  m_LocalEulerAnglesHint: {x: -89.98021, y: -0.00015017648, z: 0}
--- !u!1 &1529147895943330229
GameObject:
  m_ObjectHideFlags: 0
  m_CorrespondingSourceObject: {fileID: 0}
  m_PrefabInstance: {fileID: 0}
  m_PrefabAsset: {fileID: 0}
  serializedVersion: 6
  m_Component:
  - component: {fileID: 7148876475758122440}
  m_Layer: 0
  m_Name: Wheel.L
  m_TagString: Untagged
  m_Icon: {fileID: 0}
  m_NavMeshLayer: 0
  m_StaticEditorFlags: 0
  m_IsActive: 1
--- !u!4 &7148876475758122440
Transform:
  m_ObjectHideFlags: 0
  m_CorrespondingSourceObject: {fileID: 0}
  m_PrefabInstance: {fileID: 0}
  m_PrefabAsset: {fileID: 0}
  m_GameObject: {fileID: 1529147895943330229}
  m_LocalRotation: {x: -0.000000045569156, y: 0.0000005642599, z: 0.0000008026785, w: 1}
  m_LocalPosition: {x: -0.0038895302, y: 0.0028459083, z: -0.001586187}
  m_LocalScale: {x: 1, y: 1, z: 1}
  m_Children:
  - {fileID: 2098648719360790753}
  m_Father: {fileID: 6217953057725891171}
  m_RootOrder: 7
  m_LocalEulerAnglesHint: {x: -0.0000039384045, y: 0.00006376861, z: 0.000091875125}
--- !u!1 &1878294929540464646
GameObject:
  m_ObjectHideFlags: 0
  m_CorrespondingSourceObject: {fileID: 0}
  m_PrefabInstance: {fileID: 0}
  m_PrefabAsset: {fileID: 0}
  serializedVersion: 6
  m_Component:
  - component: {fileID: 8030897280566596292}
  m_Layer: 0
  m_Name: Hand.R
  m_TagString: Untagged
  m_Icon: {fileID: 0}
  m_NavMeshLayer: 0
  m_StaticEditorFlags: 0
  m_IsActive: 1
--- !u!4 &8030897280566596292
Transform:
  m_ObjectHideFlags: 0
  m_CorrespondingSourceObject: {fileID: 0}
  m_PrefabInstance: {fileID: 0}
  m_PrefabAsset: {fileID: 0}
  m_GameObject: {fileID: 1878294929540464646}
  m_LocalRotation: {x: 0.040397037, y: -0.00000016278415, z: 0.00000006079451, w: 0.9991837}
  m_LocalPosition: {x: 2.6852448e-10, y: 0.0011058004, z: 3.0718866e-10}
  m_LocalScale: {x: 1, y: 0.99999994, z: 0.99999994}
  m_Children:
  - {fileID: 90666949972237051}
  - {fileID: 4140421532440747150}
  - {fileID: 3783522627608374935}
  m_Father: {fileID: 8433128794268136762}
  m_RootOrder: 0
  m_LocalEulerAnglesHint: {x: 2.5682168, y: 56.37153, z: 3.8542137}
--- !u!1 &2066147420499986754
GameObject:
  m_ObjectHideFlags: 0
  m_CorrespondingSourceObject: {fileID: 0}
  m_PrefabInstance: {fileID: 0}
  m_PrefabAsset: {fileID: 0}
  serializedVersion: 6
  m_Component:
  - component: {fileID: 3653975468100295834}
  m_Layer: 0
  m_Name: Wheel.R
  m_TagString: Untagged
  m_Icon: {fileID: 0}
  m_NavMeshLayer: 0
  m_StaticEditorFlags: 0
  m_IsActive: 1
--- !u!4 &3653975468100295834
Transform:
  m_ObjectHideFlags: 0
  m_CorrespondingSourceObject: {fileID: 0}
  m_PrefabInstance: {fileID: 0}
  m_PrefabAsset: {fileID: 0}
  m_GameObject: {fileID: 2066147420499986754}
  m_LocalRotation: {x: -0.000000045569255, y: 0.0000004450506, z: 0.0000008026786, w: 1}
  m_LocalPosition: {x: 0.0038895337, y: 0.0028459083, z: -0.0015861783}
  m_LocalScale: {x: 1, y: 1, z: 1}
  m_Children:
  - {fileID: 2340859855484457628}
  m_Father: {fileID: 6217953057725891171}
  m_RootOrder: 8
  m_LocalEulerAnglesHint: {x: -0.000003938406, y: 0.000049715356, z: 0.000091875125}
--- !u!1 &2252974180888640707
GameObject:
  m_ObjectHideFlags: 0
  m_CorrespondingSourceObject: {fileID: 0}
  m_PrefabInstance: {fileID: 0}
  m_PrefabAsset: {fileID: 0}
  serializedVersion: 6
  m_Component:
  - component: {fileID: 1445651873440605817}
  - component: {fileID: 895967061810639799}
  - component: {fileID: 6745775974971621805}
  - component: {fileID: 3041165663377810396}
  - component: {fileID: 3843516952124164483}
  - component: {fileID: 2215080246043888586}
  - component: {fileID: 2245038554836578321}
  m_Layer: 0
  m_Name: Grassy
  m_TagString: Untagged
  m_Icon: {fileID: 0}
  m_NavMeshLayer: 0
  m_StaticEditorFlags: 0
  m_IsActive: 1
--- !u!4 &1445651873440605817
Transform:
  m_ObjectHideFlags: 0
  m_CorrespondingSourceObject: {fileID: 0}
  m_PrefabInstance: {fileID: 0}
  m_PrefabAsset: {fileID: 0}
  m_GameObject: {fileID: 2252974180888640707}
  m_LocalRotation: {x: 0, y: 0, z: 0, w: 1}
  m_LocalPosition: {x: -0.010038376, y: 0, z: 67.58104}
  m_LocalScale: {x: 1, y: 1, z: 1}
  m_Children:
  - {fileID: 8411602532771162093}
  - {fileID: 1565517090084161442}
  m_Father: {fileID: 0}
  m_RootOrder: 0
  m_LocalEulerAnglesHint: {x: 0, y: 0, z: 0}
--- !u!54 &895967061810639799
Rigidbody:
  m_ObjectHideFlags: 0
  m_CorrespondingSourceObject: {fileID: 0}
  m_PrefabInstance: {fileID: 0}
  m_PrefabAsset: {fileID: 0}
  m_GameObject: {fileID: 2252974180888640707}
  serializedVersion: 2
  m_Mass: 1
  m_Drag: 0
  m_AngularDrag: 0.05
  m_UseGravity: 1
  m_IsKinematic: 1
  m_Interpolate: 0
  m_Constraints: 0
  m_CollisionDetection: 0
--- !u!136 &6745775974971621805
CapsuleCollider:
  m_ObjectHideFlags: 0
  m_CorrespondingSourceObject: {fileID: 0}
  m_PrefabInstance: {fileID: 0}
  m_PrefabAsset: {fileID: 0}
  m_GameObject: {fileID: 2252974180888640707}
  m_Material: {fileID: 0}
  m_IsTrigger: 0
  m_Enabled: 1
  m_Radius: 0.5
  m_Height: 1.303646
  m_Direction: 1
  m_Center: {x: 0, y: 0.65422434, z: 0}
--- !u!195 &3041165663377810396
NavMeshAgent:
  m_ObjectHideFlags: 0
  m_CorrespondingSourceObject: {fileID: 0}
  m_PrefabInstance: {fileID: 0}
  m_PrefabAsset: {fileID: 0}
  m_GameObject: {fileID: 2252974180888640707}
  m_Enabled: 1
  m_AgentTypeID: 0
  m_Radius: 0.5000001
  m_Speed: 3.5
  m_Acceleration: 20
  avoidancePriority: 50
  m_AngularSpeed: 360
  m_StoppingDistance: 0
  m_AutoTraverseOffMeshLink: 1
  m_AutoBraking: 1
  m_AutoRepath: 1
  m_Height: 0.85
  m_BaseOffset: 0
  m_WalkableMask: 4294967295
  m_ObstacleAvoidanceType: 4
--- !u!114 &3843516952124164483
MonoBehaviour:
  m_ObjectHideFlags: 0
  m_CorrespondingSourceObject: {fileID: 0}
  m_PrefabInstance: {fileID: 0}
  m_PrefabAsset: {fileID: 0}
  m_GameObject: {fileID: 2252974180888640707}
  m_Enabled: 1
  m_EditorHideFlags: 0
  m_Script: {fileID: 11500000, guid: 01db30f4a907f5d4a9f864d3841f9cda, type: 3}
  m_Name: 
  m_EditorClassIdentifier: 
  Agent: {fileID: 3041165663377810396}
  WayPoints: []
  DistanceToWaypointNeeded: 0.001
  IsStopped: 0
  StartMovingSound:
    idInternal: 0
    valueGuidInternal: 
    WwiseObjectReference: {fileID: 11400000, guid: 388906e40d455944b9ba2df573c1c3d0, type: 2}
  StopMovingSound:
    idInternal: 0
    valueGuidInternal: 
    WwiseObjectReference: {fileID: 11400000, guid: 71cfffeba13bf5e419f378bba8311010, type: 2}
  Player: {fileID: 0}
  RadiusHide: 10
  TimeHide: 5
  HiddingLayer:
    serializedVersion: 2
    m_Bits: 1
--- !u!95 &2215080246043888586
Animator:
  serializedVersion: 3
  m_ObjectHideFlags: 0
  m_CorrespondingSourceObject: {fileID: 0}
  m_PrefabInstance: {fileID: 0}
  m_PrefabAsset: {fileID: 0}
  m_GameObject: {fileID: 2252974180888640707}
  m_Enabled: 1
  m_Avatar: {fileID: 0}
  m_Controller: {fileID: 9100000, guid: 24076cf0ce08ae04a870d6ce8ad927c6, type: 2}
  m_CullingMode: 0
  m_UpdateMode: 0
  m_ApplyRootMotion: 0
  m_LinearVelocityBlending: 0
  m_WarningMessage: 
  m_HasTransformHierarchy: 1
  m_AllowConstantClipSamplingOptimization: 1
  m_KeepAnimatorControllerStateOnDisable: 0
--- !u!114 &2245038554836578321
MonoBehaviour:
  m_ObjectHideFlags: 0
  m_CorrespondingSourceObject: {fileID: 0}
  m_PrefabInstance: {fileID: 0}
  m_PrefabAsset: {fileID: 0}
  m_GameObject: {fileID: 2252974180888640707}
  m_Enabled: 1
  m_EditorHideFlags: 0
  m_Script: {fileID: 11500000, guid: 920be345ba565fc4c8aad5ce62c48a95, type: 3}
  m_Name: 
  m_EditorClassIdentifier: 
  CutSound:
    idInternal: 0
    valueGuidInternal: 
    WwiseObjectReference: {fileID: 11400000, guid: b7592d53a18ab44469178fa42284287a, type: 2}
--- !u!1 &2363809416556379194
GameObject:
  m_ObjectHideFlags: 0
  m_CorrespondingSourceObject: {fileID: 0}
  m_PrefabInstance: {fileID: 0}
  m_PrefabAsset: {fileID: 0}
  serializedVersion: 6
  m_Component:
  - component: {fileID: 5444463910972027167}
  m_Layer: 0
  m_Name: Wheel.IK
  m_TagString: Untagged
  m_Icon: {fileID: 0}
  m_NavMeshLayer: 0
  m_StaticEditorFlags: 0
  m_IsActive: 1
--- !u!4 &5444463910972027167
Transform:
  m_ObjectHideFlags: 0
  m_CorrespondingSourceObject: {fileID: 0}
  m_PrefabInstance: {fileID: 0}
  m_PrefabAsset: {fileID: 0}
  m_GameObject: {fileID: 2363809416556379194}
  m_LocalRotation: {x: -0.70710665, y: 0.00000017701966, z: -0.0000009581394, w: 0.7071069}
  m_LocalPosition: {x: -1.912003e-15, y: 0.006498974, z: 0.0000000023674667}
  m_LocalScale: {x: 1, y: 1, z: 1}
  m_Children:
  - {fileID: 4941467525557997240}
  m_Father: {fileID: 6217953057725891171}
  m_RootOrder: 6
  m_LocalEulerAnglesHint: {x: -90, y: 0.000029137138, z: 0}
--- !u!1 &2434594222291657090
GameObject:
  m_ObjectHideFlags: 0
  m_CorrespondingSourceObject: {fileID: 0}
  m_PrefabInstance: {fileID: 0}
  m_PrefabAsset: {fileID: 0}
  serializedVersion: 6
  m_Component:
  - component: {fileID: 2323980036499033876}
  m_Layer: 0
  m_Name: ArmPoleTarget.R
  m_TagString: Untagged
  m_Icon: {fileID: 0}
  m_NavMeshLayer: 0
  m_StaticEditorFlags: 0
  m_IsActive: 1
--- !u!4 &2323980036499033876
Transform:
  m_ObjectHideFlags: 0
  m_CorrespondingSourceObject: {fileID: 0}
  m_PrefabInstance: {fileID: 0}
  m_PrefabAsset: {fileID: 0}
  m_GameObject: {fileID: 2434594222291657090}
  m_LocalRotation: {x: 0.9998388, y: 0.00000003992838, z: 0.0000022233548, w: 0.0179537}
  m_LocalPosition: {x: 0.008646849, y: 0.0069126114, z: -0.004130528}
  m_LocalScale: {x: 1, y: 1, z: 1.0002222}
  m_Children:
  - {fileID: 5777862176382617849}
  m_Father: {fileID: 6217953057725891171}
  m_RootOrder: 3
  m_LocalEulerAnglesHint: {x: 2.0574493, y: 179.99974, z: 179.99998}
--- !u!1 &2446001792529063406
GameObject:
  m_ObjectHideFlags: 0
  m_CorrespondingSourceObject: {fileID: 0}
  m_PrefabInstance: {fileID: 0}
  m_PrefabAsset: {fileID: 0}
  serializedVersion: 6
  m_Component:
  - component: {fileID: 3783522627608374935}
  m_Layer: 0
  m_Name: FingerUp.R
  m_TagString: Untagged
  m_Icon: {fileID: 0}
  m_NavMeshLayer: 0
  m_StaticEditorFlags: 0
  m_IsActive: 1
--- !u!4 &3783522627608374935
Transform:
  m_ObjectHideFlags: 0
  m_CorrespondingSourceObject: {fileID: 0}
  m_PrefabInstance: {fileID: 0}
  m_PrefabAsset: {fileID: 0}
  m_GameObject: {fileID: 2446001792529063406}
  m_LocalRotation: {x: 2.4225142e-19, y: 3.6551166e-17, z: -3.1918912e-16, w: 1}
  m_LocalPosition: {x: 9.487197e-10, y: 0.00051014445, z: -0.000972055}
  m_LocalScale: {x: 1, y: 1, z: 1}
  m_Children:
  - {fileID: 8085147372409351799}
  m_Father: {fileID: 8030897280566596292}
  m_RootOrder: 2
  m_LocalEulerAnglesHint: {x: 0.0000004829436, y: 0.00000042257568, z: 2.3613254e-15}
--- !u!1 &2605598320614484737
GameObject:
  m_ObjectHideFlags: 0
  m_CorrespondingSourceObject: {fileID: 0}
  m_PrefabInstance: {fileID: 0}
  m_PrefabAsset: {fileID: 0}
  serializedVersion: 6
  m_Component:
  - component: {fileID: 5371362370961735135}
  m_Layer: 0
  m_Name: Arm.001.L
  m_TagString: Untagged
  m_Icon: {fileID: 0}
  m_NavMeshLayer: 0
  m_StaticEditorFlags: 0
  m_IsActive: 1
--- !u!4 &5371362370961735135
Transform:
  m_ObjectHideFlags: 0
  m_CorrespondingSourceObject: {fileID: 0}
  m_PrefabInstance: {fileID: 0}
  m_PrefabAsset: {fileID: 0}
  m_GameObject: {fileID: 2605598320614484737}
  m_LocalRotation: {x: -0.017959924, y: 0.0000027866267, z: 0.0000001847946, w: 0.9998387}
  m_LocalPosition: {x: -3.7705475e-10, y: 0.0024861526, z: 4.5867635e-10}
  m_LocalScale: {x: 1, y: 0.9999998, z: 0.99999976}
  m_Children:
  - {fileID: 7984644943629229809}
  m_Father: {fileID: 1998315424905403259}
  m_RootOrder: 0
  m_LocalEulerAnglesHint: {x: -61.12945, y: 0.00027938292, z: 0.00013581735}
--- !u!1 &2867019431440179208
GameObject:
  m_ObjectHideFlags: 0
  m_CorrespondingSourceObject: {fileID: 0}
  m_PrefabInstance: {fileID: 0}
  m_PrefabAsset: {fileID: 0}
  serializedVersion: 6
  m_Component:
  - component: {fileID: 90666949972237051}
  m_Layer: 0
  m_Name: FingerCuttingController
  m_TagString: Untagged
  m_Icon: {fileID: 0}
  m_NavMeshLayer: 0
  m_StaticEditorFlags: 0
  m_IsActive: 1
--- !u!4 &90666949972237051
Transform:
  m_ObjectHideFlags: 0
  m_CorrespondingSourceObject: {fileID: 0}
  m_PrefabInstance: {fileID: 0}
  m_PrefabAsset: {fileID: 0}
  m_GameObject: {fileID: 2867019431440179208}
  m_LocalRotation: {x: 0.0000000037250634, y: -1.13686445e-13, z: 5.150395e-15, w: 1}
  m_LocalPosition: {x: 8.2896266e-11, y: 0.0039551076, z: 1.9801291e-10}
  m_LocalScale: {x: 0.9999997, y: 1, z: 0.9999997}
  m_Children:
  - {fileID: 3329302608034486718}
  m_Father: {fileID: 8030897280566596292}
  m_RootOrder: 0
  m_LocalEulerAnglesHint: {x: 0.00000032820856, y: -0.00000027066943, z: -1.0278838e-15}
--- !u!1 &3567849137243465542
GameObject:
  m_ObjectHideFlags: 0
  m_CorrespondingSourceObject: {fileID: 0}
  m_PrefabInstance: {fileID: 0}
  m_PrefabAsset: {fileID: 0}
  serializedVersion: 6
  m_Component:
  - component: {fileID: 1111687388664739183}
  m_Layer: 0
  m_Name: FingerDown.R_end
  m_TagString: Untagged
  m_Icon: {fileID: 0}
  m_NavMeshLayer: 0
  m_StaticEditorFlags: 0
  m_IsActive: 1
--- !u!4 &1111687388664739183
Transform:
  m_ObjectHideFlags: 0
  m_CorrespondingSourceObject: {fileID: 0}
  m_PrefabInstance: {fileID: 0}
  m_PrefabAsset: {fileID: 0}
  m_GameObject: {fileID: 3567849137243465542}
  m_LocalRotation: {x: 0, y: -0, z: -0, w: 1}
  m_LocalPosition: {x: -0, y: 0.0010669004, z: 0}
  m_LocalScale: {x: 1, y: 1, z: 1}
  m_Children: []
  m_Father: {fileID: 4140421532440747150}
  m_RootOrder: 0
  m_LocalEulerAnglesHint: {x: 0, y: 0, z: 0}
--- !u!1 &4139928937214157198
GameObject:
  m_ObjectHideFlags: 0
  m_CorrespondingSourceObject: {fileID: 0}
  m_PrefabInstance: {fileID: 0}
  m_PrefabAsset: {fileID: 0}
  serializedVersion: 6
  m_Component:
  - component: {fileID: 3558835645076152771}
  m_Layer: 0
  m_Name: Hand.IK.R_end
  m_TagString: Untagged
  m_Icon: {fileID: 0}
  m_NavMeshLayer: 0
  m_StaticEditorFlags: 0
  m_IsActive: 1
--- !u!4 &3558835645076152771
Transform:
  m_ObjectHideFlags: 0
  m_CorrespondingSourceObject: {fileID: 0}
  m_PrefabInstance: {fileID: 0}
  m_PrefabAsset: {fileID: 0}
  m_GameObject: {fileID: 4139928937214157198}
  m_LocalRotation: {x: 0, y: -0, z: -0, w: 1}
  m_LocalPosition: {x: -0, y: 0.001772671, z: 0}
  m_LocalScale: {x: 1, y: 1, z: 1}
  m_Children: []
  m_Father: {fileID: 2105592885412551577}
  m_RootOrder: 0
  m_LocalEulerAnglesHint: {x: 0, y: 0, z: 0}
--- !u!1 &4400400029521175285
GameObject:
  m_ObjectHideFlags: 0
  m_CorrespondingSourceObject: {fileID: 0}
  m_PrefabInstance: {fileID: 0}
  m_PrefabAsset: {fileID: 0}
  serializedVersion: 6
  m_Component:
  - component: {fileID: 5777862176382617849}
  m_Layer: 0
  m_Name: ArmPoleTarget.R_end
  m_TagString: Untagged
  m_Icon: {fileID: 0}
  m_NavMeshLayer: 0
  m_StaticEditorFlags: 0
  m_IsActive: 1
--- !u!4 &5777862176382617849
Transform:
  m_ObjectHideFlags: 0
  m_CorrespondingSourceObject: {fileID: 0}
  m_PrefabInstance: {fileID: 0}
  m_PrefabAsset: {fileID: 0}
  m_GameObject: {fileID: 4400400029521175285}
  m_LocalRotation: {x: 0, y: -0, z: -0, w: 1}
  m_LocalPosition: {x: -0, y: 0.002486153, z: 0}
  m_LocalScale: {x: 1, y: 1, z: 1}
  m_Children: []
  m_Father: {fileID: 2323980036499033876}
  m_RootOrder: 0
  m_LocalEulerAnglesHint: {x: 0, y: 0, z: 0}
--- !u!1 &4680432184531868734
GameObject:
  m_ObjectHideFlags: 0
  m_CorrespondingSourceObject: {fileID: 0}
  m_PrefabInstance: {fileID: 0}
  m_PrefabAsset: {fileID: 0}
  serializedVersion: 6
  m_Component:
  - component: {fileID: 3073059512532363390}
  m_Layer: 0
  m_Name: Arm.001.R
  m_TagString: Untagged
  m_Icon: {fileID: 0}
  m_NavMeshLayer: 0
  m_StaticEditorFlags: 0
  m_IsActive: 1
--- !u!4 &3073059512532363390
Transform:
  m_ObjectHideFlags: 0
  m_CorrespondingSourceObject: {fileID: 0}
  m_PrefabInstance: {fileID: 0}
  m_PrefabAsset: {fileID: 0}
  m_GameObject: {fileID: 4680432184531868734}
  m_LocalRotation: {x: -0.017960593, y: -0.0000022197396, z: 0.000000043481077, w: 0.9998387}
  m_LocalPosition: {x: -0.0000000010006748, y: 0.0024861523, z: 3.973539e-10}
  m_LocalScale: {x: 1, y: 1.0000001, z: 1.0000001}
  m_Children:
  - {fileID: 8433128794268136762}
  m_Father: {fileID: 9105687640232182914}
  m_RootOrder: 0
  m_LocalEulerAnglesHint: {x: -23.318026, y: -0.00024385267, z: -0.000022387401}
--- !u!1 &5133755665148492970
GameObject:
  m_ObjectHideFlags: 0
  m_CorrespondingSourceObject: {fileID: 0}
  m_PrefabInstance: {fileID: 0}
  m_PrefabAsset: {fileID: 0}
  serializedVersion: 6
  m_Component:
  - component: {fileID: 2105592885412551577}
  m_Layer: 0
  m_Name: Hand.IK.R
  m_TagString: Untagged
  m_Icon: {fileID: 0}
  m_NavMeshLayer: 0
  m_StaticEditorFlags: 0
  m_IsActive: 1
--- !u!4 &2105592885412551577
Transform:
  m_ObjectHideFlags: 0
  m_CorrespondingSourceObject: {fileID: 0}
  m_PrefabInstance: {fileID: 0}
  m_PrefabAsset: {fileID: 0}
  m_GameObject: {fileID: 5133755665148492970}
  m_LocalRotation: {x: -0.7071066, y: 0.00000008968431, z: -0.0000009218403, w: 0.70710695}
  m_LocalPosition: {x: 0.0027609286, y: 0.007854929, z: -0.004130535}
  m_LocalScale: {x: 1, y: 0.99999994, z: 0.99999994}
  m_Children:
  - {fileID: 3558835645076152771}
  m_Father: {fileID: 6217953057725891171}
  m_RootOrder: 5
  m_LocalEulerAnglesHint: {x: -89.98021, y: 0.000014712122, z: 0}
--- !u!1 &5320144731666471001
GameObject:
  m_ObjectHideFlags: 0
  m_CorrespondingSourceObject: {fileID: 0}
  m_PrefabInstance: {fileID: 0}
  m_PrefabAsset: {fileID: 0}
  serializedVersion: 6
  m_Component:
  - component: {fileID: 1565517090084161442}
  m_Layer: 0
  m_Name: RIG_Character_Grassy
  m_TagString: Untagged
  m_Icon: {fileID: 0}
  m_NavMeshLayer: 0
  m_StaticEditorFlags: 0
  m_IsActive: 1
--- !u!4 &1565517090084161442
Transform:
  m_ObjectHideFlags: 0
  m_CorrespondingSourceObject: {fileID: 0}
  m_PrefabInstance: {fileID: 0}
  m_PrefabAsset: {fileID: 0}
  m_GameObject: {fileID: 5320144731666471001}
  m_LocalRotation: {x: -0.7071068, y: 0, z: -0, w: 0.7071067}
  m_LocalPosition: {x: -0, y: 0, z: 0}
  m_LocalScale: {x: 100, y: 100, z: 100}
  m_Children:
  - {fileID: 6217953057725891171}
  m_Father: {fileID: 1445651873440605817}
  m_RootOrder: 1
  m_LocalEulerAnglesHint: {x: -89.98021, y: 0, z: 0}
--- !u!1 &5712998170178146767
GameObject:
  m_ObjectHideFlags: 0
  m_CorrespondingSourceObject: {fileID: 0}
  m_PrefabInstance: {fileID: 0}
  m_PrefabAsset: {fileID: 0}
  serializedVersion: 6
  m_Component:
  - component: {fileID: 3439216187504136949}
  m_Layer: 0
  m_Name: Hand.IK.L_end
  m_TagString: Untagged
  m_Icon: {fileID: 0}
  m_NavMeshLayer: 0
  m_StaticEditorFlags: 0
  m_IsActive: 1
--- !u!4 &3439216187504136949
Transform:
  m_ObjectHideFlags: 0
  m_CorrespondingSourceObject: {fileID: 0}
  m_PrefabInstance: {fileID: 0}
  m_PrefabAsset: {fileID: 0}
  m_GameObject: {fileID: 5712998170178146767}
  m_LocalRotation: {x: 0, y: -0, z: -0, w: 1}
  m_LocalPosition: {x: -0, y: 0.001772671, z: 0}
  m_LocalScale: {x: 1, y: 1, z: 1}
  m_Children: []
  m_Father: {fileID: 4286013037978816433}
  m_RootOrder: 0
  m_LocalEulerAnglesHint: {x: 0, y: 0, z: 0}
--- !u!1 &5932427022160681842
GameObject:
  m_ObjectHideFlags: 0
  m_CorrespondingSourceObject: {fileID: 0}
  m_PrefabInstance: {fileID: 0}
  m_PrefabAsset: {fileID: 0}
  serializedVersion: 6
  m_Component:
  - component: {fileID: 4140421532440747150}
  m_Layer: 0
  m_Name: FingerDown.R
  m_TagString: Untagged
  m_Icon: {fileID: 0}
  m_NavMeshLayer: 0
  m_StaticEditorFlags: 0
  m_IsActive: 1
--- !u!4 &4140421532440747150
Transform:
  m_ObjectHideFlags: 0
  m_CorrespondingSourceObject: {fileID: 0}
  m_PrefabInstance: {fileID: 0}
  m_PrefabAsset: {fileID: 0}
  m_GameObject: {fileID: 5932427022160681842}
  m_LocalRotation: {x: 2.4225142e-19, y: 3.6551166e-17, z: -3.1918912e-16, w: 1}
  m_LocalPosition: {x: -8.593393e-10, y: 0.00051014463, z: 0.00086777017}
  m_LocalScale: {x: 1, y: 1, z: 1}
  m_Children:
  - {fileID: 1111687388664739183}
  m_Father: {fileID: 8030897280566596292}
  m_RootOrder: 1
  m_LocalEulerAnglesHint: {x: 0.0000004829436, y: 0.00000042257568, z: 2.3613254e-15}
--- !u!1 &6292497625548445266
GameObject:
  m_ObjectHideFlags: 0
  m_CorrespondingSourceObject: {fileID: 0}
  m_PrefabInstance: {fileID: 0}
  m_PrefabAsset: {fileID: 0}
  serializedVersion: 6
  m_Component:
  - component: {fileID: 4941467525557997240}
  m_Layer: 0
  m_Name: Wheel.IK_end
  m_TagString: Untagged
  m_Icon: {fileID: 0}
  m_NavMeshLayer: 0
  m_StaticEditorFlags: 0
  m_IsActive: 1
--- !u!4 &4941467525557997240
Transform:
  m_ObjectHideFlags: 0
  m_CorrespondingSourceObject: {fileID: 0}
  m_PrefabInstance: {fileID: 0}
  m_PrefabAsset: {fileID: 0}
  m_GameObject: {fileID: 6292497625548445266}
  m_LocalRotation: {x: 0, y: -0, z: -0, w: 1}
  m_LocalPosition: {x: -0, y: 0.0015861844, z: 0}
  m_LocalScale: {x: 1, y: 1, z: 1}
  m_Children: []
  m_Father: {fileID: 5444463910972027167}
  m_RootOrder: 0
  m_LocalEulerAnglesHint: {x: 0, y: 0, z: 0}
--- !u!1 &6370857937778800827
GameObject:
  m_ObjectHideFlags: 0
  m_CorrespondingSourceObject: {fileID: 0}
  m_PrefabInstance: {fileID: 0}
  m_PrefabAsset: {fileID: 0}
  serializedVersion: 6
  m_Component:
  - component: {fileID: 2098648719360790753}
  m_Layer: 0
  m_Name: Wheel.L_end
  m_TagString: Untagged
  m_Icon: {fileID: 0}
  m_NavMeshLayer: 0
  m_StaticEditorFlags: 0
  m_IsActive: 1
--- !u!4 &2098648719360790753
Transform:
  m_ObjectHideFlags: 0
  m_CorrespondingSourceObject: {fileID: 0}
  m_PrefabInstance: {fileID: 0}
  m_PrefabAsset: {fileID: 0}
  m_GameObject: {fileID: 6370857937778800827}
  m_LocalRotation: {x: 0, y: -0, z: -0, w: 1}
  m_LocalPosition: {x: -0, y: 0.0016349887, z: 0}
  m_LocalScale: {x: 1, y: 1, z: 1}
  m_Children: []
  m_Father: {fileID: 7148876475758122440}
  m_RootOrder: 0
  m_LocalEulerAnglesHint: {x: 0, y: 0, z: 0}
--- !u!1 &6528831092192204745
GameObject:
  m_ObjectHideFlags: 0
  m_CorrespondingSourceObject: {fileID: 0}
  m_PrefabInstance: {fileID: 0}
  m_PrefabAsset: {fileID: 0}
  serializedVersion: 6
  m_Component:
  - component: {fileID: 6217953057725891171}
  m_Layer: 0
  m_Name: BodyBase
  m_TagString: Untagged
  m_Icon: {fileID: 0}
  m_NavMeshLayer: 0
  m_StaticEditorFlags: 0
  m_IsActive: 1
--- !u!4 &6217953057725891171
Transform:
  m_ObjectHideFlags: 0
  m_CorrespondingSourceObject: {fileID: 0}
  m_PrefabInstance: {fileID: 0}
  m_PrefabAsset: {fileID: 0}
  m_GameObject: {fileID: 6528831092192204745}
  m_LocalRotation: {x: 1, y: -2.653742e-14, z: 0.00000055233505, w: 0.00000031391647}
  m_LocalPosition: {x: -0, y: 0, z: -0.000011724014}
  m_LocalScale: {x: 1, y: 1, z: 1}
  m_Children:
  - {fileID: 1998315424905403259}
  - {fileID: 9105687640232182914}
  - {fileID: 671076452133604740}
  - {fileID: 2323980036499033876}
  - {fileID: 4286013037978816433}
  - {fileID: 2105592885412551577}
  - {fileID: 5444463910972027167}
  - {fileID: 7148876475758122440}
  - {fileID: 3653975468100295834}
  m_Father: {fileID: 1565517090084161442}
  m_RootOrder: 0
  m_LocalEulerAnglesHint: {x: 0.000030517576, y: 179.99992, z: 180}
--- !u!1 &7454283440597619995
GameObject:
  m_ObjectHideFlags: 0
  m_CorrespondingSourceObject: {fileID: 0}
  m_PrefabInstance: {fileID: 0}
  m_PrefabAsset: {fileID: 0}
  serializedVersion: 6
  m_Component:
  - component: {fileID: 8411602532771162093}
  - component: {fileID: 5545455015868798415}
  m_Layer: 0
  m_Name: M_Character_Grassy_Body
  m_TagString: Untagged
  m_Icon: {fileID: 0}
  m_NavMeshLayer: 0
  m_StaticEditorFlags: 0
  m_IsActive: 1
--- !u!4 &8411602532771162093
Transform:
  m_ObjectHideFlags: 0
  m_CorrespondingSourceObject: {fileID: 0}
  m_PrefabInstance: {fileID: 0}
  m_PrefabAsset: {fileID: 0}
  m_GameObject: {fileID: 7454283440597619995}
  m_LocalRotation: {x: 0, y: -0, z: -0, w: 1}
  m_LocalPosition: {x: -0, y: 0, z: 0.017715704}
  m_LocalScale: {x: 1, y: 1, z: 1}
  m_Children: []
  m_Father: {fileID: 1445651873440605817}
  m_RootOrder: 0
  m_LocalEulerAnglesHint: {x: 0, y: 0, z: 0}
--- !u!137 &5545455015868798415
SkinnedMeshRenderer:
  m_ObjectHideFlags: 0
  m_CorrespondingSourceObject: {fileID: 0}
  m_PrefabInstance: {fileID: 0}
  m_PrefabAsset: {fileID: 0}
  m_GameObject: {fileID: 7454283440597619995}
  m_Enabled: 1
  m_CastShadows: 1
  m_ReceiveShadows: 1
  m_DynamicOccludee: 1
  m_MotionVectors: 1
  m_LightProbeUsage: 1
  m_ReflectionProbeUsage: 1
  m_RayTracingMode: 3
  m_RayTraceProcedural: 0
  m_RenderingLayerMask: 1
  m_RendererPriority: 0
  m_Materials:
  - {fileID: 2100000, guid: 58156e373dcb24f4a930bf22d3cae88a, type: 2}
  - {fileID: 2100000, guid: 16ad9c091972cc14a899ffb29267d3b3, type: 2}
  - {fileID: 2100000, guid: ba2ea1179739cd048ac5893e24f64995, type: 2}
  m_StaticBatchInfo:
    firstSubMesh: 0
    subMeshCount: 0
  m_StaticBatchRoot: {fileID: 0}
  m_ProbeAnchor: {fileID: 0}
  m_LightProbeVolumeOverride: {fileID: 0}
  m_ScaleInLightmap: 1
  m_ReceiveGI: 1
  m_PreserveUVs: 0
  m_IgnoreNormalsForChartDetection: 0
  m_ImportantGI: 0
  m_StitchLightmapSeams: 1
  m_SelectedEditorRenderState: 3
  m_MinimumChartSize: 4
  m_AutoUVMaxDistance: 0.5
  m_AutoUVMaxAngle: 89
  m_LightmapParameters: {fileID: 0}
  m_SortingLayerID: 0
  m_SortingLayer: 0
  m_SortingOrder: 0
  serializedVersion: 2
  m_Quality: 0
  m_UpdateWhenOffscreen: 0
  m_SkinnedMotionVectors: 1
  m_Mesh: {fileID: 2050134922987455950, guid: 9308e0f601d77064aa5b76ba7b50018a, type: 3}
  m_Bones:
  - {fileID: 6217953057725891171}
  - {fileID: 9105687640232182914}
  - {fileID: 3073059512532363390}
  - {fileID: 8433128794268136762}
  - {fileID: 8030897280566596292}
  - {fileID: 3783522627608374935}
  - {fileID: 4140421532440747150}
  - {fileID: 90666949972237051}
  - {fileID: 1998315424905403259}
  - {fileID: 5371362370961735135}
  - {fileID: 7984644943629229809}
  - {fileID: 3509666921780138707}
  - {fileID: 3653975468100295834}
  - {fileID: 7148876475758122440}
  - {fileID: 5444463910972027167}
  - {fileID: 2323980036499033876}
  - {fileID: 671076452133604740}
  - {fileID: 2105592885412551577}
  - {fileID: 4286013037978816433}
  m_BlendShapeWeights: []
  m_RootBone: {fileID: 6217953057725891171}
  m_AABB:
    m_Center: {x: 9.313226e-10, y: 0.0029893033, z: -0.004099654}
    m_Extent: {x: 0.0047435802, y: 0.007470198, z: 0.0040660677}
  m_DirtyAABB: 0
--- !u!1 &7579946116884776060
GameObject:
  m_ObjectHideFlags: 0
  m_CorrespondingSourceObject: {fileID: 0}
  m_PrefabInstance: {fileID: 0}
  m_PrefabAsset: {fileID: 0}
  serializedVersion: 6
  m_Component:
  - component: {fileID: 9105687640232182914}
  m_Layer: 0
  m_Name: Arm.R
  m_TagString: Untagged
  m_Icon: {fileID: 0}
  m_NavMeshLayer: 0
  m_StaticEditorFlags: 0
  m_IsActive: 1
--- !u!4 &9105687640232182914
Transform:
  m_ObjectHideFlags: 0
  m_CorrespondingSourceObject: {fileID: 0}
  m_PrefabInstance: {fileID: 0}
  m_PrefabAsset: {fileID: 0}
  m_GameObject: {fileID: 7579946116884776060}
  m_LocalRotation: {x: 0.017959844, y: -0.00000059014087, z: 0.000000116089666, w: 0.9998387}
  m_LocalPosition: {x: 0.0027609288, y: 0.002768827, z: -0.0041305367}
  m_LocalScale: {x: 1, y: 1.0000002, z: 1.0000001}
  m_Children:
  - {fileID: 3073059512532363390}
  m_Father: {fileID: 6217953057725891171}
  m_RootOrder: 1
  m_LocalEulerAnglesHint: {x: 26.0408, y: 54.368732, z: 36.791763}
--- !u!1 &7722558662510275091
GameObject:
  m_ObjectHideFlags: 0
  m_CorrespondingSourceObject: {fileID: 0}
  m_PrefabInstance: {fileID: 0}
  m_PrefabAsset: {fileID: 0}
  serializedVersion: 6
  m_Component:
  - component: {fileID: 3329302608034486718}
  m_Layer: 0
  m_Name: FingerCuttingController_end
  m_TagString: Untagged
  m_Icon: {fileID: 0}
  m_NavMeshLayer: 0
  m_StaticEditorFlags: 0
  m_IsActive: 1
--- !u!4 &3329302608034486718
Transform:
  m_ObjectHideFlags: 0
  m_CorrespondingSourceObject: {fileID: 0}
  m_PrefabInstance: {fileID: 0}
  m_PrefabAsset: {fileID: 0}
  m_GameObject: {fileID: 7722558662510275091}
  m_LocalRotation: {x: 0, y: -0, z: -0, w: 1}
  m_LocalPosition: {x: -0, y: 0.0022516132, z: 0}
  m_LocalScale: {x: 1, y: 1, z: 1}
  m_Children: []
  m_Father: {fileID: 90666949972237051}
  m_RootOrder: 0
  m_LocalEulerAnglesHint: {x: 0, y: 0, z: 0}
--- !u!1 &7765894411035186215
GameObject:
  m_ObjectHideFlags: 0
  m_CorrespondingSourceObject: {fileID: 0}
  m_PrefabInstance: {fileID: 0}
  m_PrefabAsset: {fileID: 0}
  serializedVersion: 6
  m_Component:
  - component: {fileID: 7984644943629229809}
  m_Layer: 0
  m_Name: Arm.002.L
  m_TagString: Untagged
  m_Icon: {fileID: 0}
  m_NavMeshLayer: 0
  m_StaticEditorFlags: 0
  m_IsActive: 1
--- !u!4 &7984644943629229809
Transform:
  m_ObjectHideFlags: 0
  m_CorrespondingSourceObject: {fileID: 0}
  m_PrefabInstance: {fileID: 0}
  m_PrefabAsset: {fileID: 0}
  m_GameObject: {fileID: 7765894411035186215}
  m_LocalRotation: {x: -0.040401895, y: -0.00000019079737, z: -0.000000056424604, w: 0.99918354}
  m_LocalPosition: {x: 3.7801343e-10, y: 0.0014993609, z: 6.0833825e-12}
  m_LocalScale: {x: 1.0000001, y: 1, z: 1.0000002}
  m_Children:
  - {fileID: 3509666921780138707}
  m_Father: {fileID: 5371362370961735135}
  m_RootOrder: 0
  m_LocalEulerAnglesHint: {x: -59.577755, y: -0.0000802627, z: 0.00012468349}
--- !u!1 &8673387260293545529
GameObject:
  m_ObjectHideFlags: 0
  m_CorrespondingSourceObject: {fileID: 0}
  m_PrefabInstance: {fileID: 0}
  m_PrefabAsset: {fileID: 0}
  serializedVersion: 6
  m_Component:
  - component: {fileID: 1998315424905403259}
  m_Layer: 0
  m_Name: Arm.L
  m_TagString: Untagged
  m_Icon: {fileID: 0}
  m_NavMeshLayer: 0
  m_StaticEditorFlags: 0
  m_IsActive: 1
--- !u!4 &1998315424905403259
Transform:
  m_ObjectHideFlags: 0
  m_CorrespondingSourceObject: {fileID: 0}
  m_PrefabInstance: {fileID: 0}
  m_PrefabAsset: {fileID: 0}
  m_GameObject: {fileID: 8673387260293545529}
  m_LocalRotation: {x: 0.017958924, y: -0.006395715, z: 0.00011475348, w: 0.99981827}
  m_LocalPosition: {x: -0.0028087466, y: 0.002768827, z: -0.004130543}
  m_LocalScale: {x: 1.0000001, y: 1.0000002, z: 1.0000001}
  m_Children:
  - {fileID: 5371362370961735135}
  m_Father: {fileID: 6217953057725891171}
  m_RootOrder: 0
  m_LocalEulerAnglesHint: {x: 34.442425, y: -105.87601, z: -50.21956}
--- !u!1 &8820172785306362631
GameObject:
  m_ObjectHideFlags: 0
  m_CorrespondingSourceObject: {fileID: 0}
  m_PrefabInstance: {fileID: 0}
  m_PrefabAsset: {fileID: 0}
  serializedVersion: 6
  m_Component:
  - component: {fileID: 4437796481763350630}
  m_Layer: 0
  m_Name: ArmPoleTarget.L_end
  m_TagString: Untagged
  m_Icon: {fileID: 0}
  m_NavMeshLayer: 0
  m_StaticEditorFlags: 0
  m_IsActive: 1
--- !u!4 &4437796481763350630
Transform:
  m_ObjectHideFlags: 0
  m_CorrespondingSourceObject: {fileID: 0}
  m_PrefabInstance: {fileID: 0}
  m_PrefabAsset: {fileID: 0}
  m_GameObject: {fileID: 8820172785306362631}
  m_LocalRotation: {x: 0, y: -0, z: -0, w: 1}
  m_LocalPosition: {x: -0, y: 0.002486153, z: 0}
  m_LocalScale: {x: 1, y: 1, z: 1}
  m_Children: []
  m_Father: {fileID: 671076452133604740}
  m_RootOrder: 0
  m_LocalEulerAnglesHint: {x: 0, y: 0, z: 0}
--- !u!1 &9025704004777206279
GameObject:
  m_ObjectHideFlags: 0
  m_CorrespondingSourceObject: {fileID: 0}
  m_PrefabInstance: {fileID: 0}
  m_PrefabAsset: {fileID: 0}
  serializedVersion: 6
  m_Component:
  - component: {fileID: 671076452133604740}
  m_Layer: 0
  m_Name: ArmPoleTarget.L
  m_TagString: Untagged
  m_Icon: {fileID: 0}
  m_NavMeshLayer: 0
  m_StaticEditorFlags: 0
  m_IsActive: 1
--- !u!4 &671076452133604740
Transform:
  m_ObjectHideFlags: 0
  m_CorrespondingSourceObject: {fileID: 0}
  m_PrefabInstance: {fileID: 0}
  m_PrefabAsset: {fileID: 0}
  m_GameObject: {fileID: 9025704004777206279}
  m_LocalRotation: {x: 0.9998388, y: -0.00000025983337, z: -0.0000011163637, w: 0.017953819}
  m_LocalPosition: {x: -0.008664276, y: 0.0068836776, z: -0.004205459}
  m_LocalScale: {x: 1, y: 1, z: 1.000209}
  m_Children:
  - {fileID: 4437796481763350630}
  m_Father: {fileID: 6217953057725891171}
  m_RootOrder: 2
  m_LocalEulerAnglesHint: {x: 2.0574646, y: -179.99986, z: -179.99995}
