%YAML 1.1
%TAG !u! tag:unity3d.com,2011:
--- !u!1 &2461464110175342123
GameObject:
  m_ObjectHideFlags: 0
  m_CorrespondingSourceObject: {fileID: 0}
  m_PrefabInstance: {fileID: 0}
  m_PrefabAsset: {fileID: 0}
  serializedVersion: 6
  m_Component:
  - component: {fileID: 2982280418963723409}
  - component: {fileID: 2219407826510453556}
  - component: {fileID: 4118573612677492734}
  - component: {fileID: 3380383907556029308}
  m_Layer: 0
  m_Name: Medium_Shelf_Double
  m_TagString: Untagged
  m_Icon: {fileID: 0}
  m_NavMeshLayer: 0
  m_StaticEditorFlags: 4294967295
  m_IsActive: 1
--- !u!4 &2982280418963723409
Transform:
  m_ObjectHideFlags: 0
  m_CorrespondingSourceObject: {fileID: 0}
  m_PrefabInstance: {fileID: 0}
  m_PrefabAsset: {fileID: 0}
  m_GameObject: {fileID: 2461464110175342123}
  m_LocalRotation: {x: 0, y: -0, z: -0, w: 1}
  m_LocalPosition: {x: 15.310995, y: 0.020693779, z: -1.2625623}
  m_LocalScale: {x: 1, y: 1, z: 1}
  m_Children:
  - {fileID: 2982280420032906426}
  - {fileID: 3287190453792126053}
  - {fileID: 6041011021753655352}
  - {fileID: 7239430560361593241}
  - {fileID: 2923159626486853909}
  - {fileID: 8800470066668058862}
  - {fileID: 5125722069088542764}
  m_Father: {fileID: 0}
  m_RootOrder: 0
  m_LocalEulerAnglesHint: {x: 0, y: 0, z: 0}
--- !u!33 &2219407826510453556
MeshFilter:
  m_ObjectHideFlags: 0
  m_CorrespondingSourceObject: {fileID: 0}
  m_PrefabInstance: {fileID: 0}
  m_PrefabAsset: {fileID: 0}
  m_GameObject: {fileID: 2461464110175342123}
  m_Mesh: {fileID: -8639836434531384024, guid: da01ac4dd3c884b4aaba9ba440cdf3ad, type: 3}
--- !u!23 &4118573612677492734
MeshRenderer:
  m_ObjectHideFlags: 0
  m_CorrespondingSourceObject: {fileID: 0}
  m_PrefabInstance: {fileID: 0}
  m_PrefabAsset: {fileID: 0}
  m_GameObject: {fileID: 2461464110175342123}
  m_Enabled: 1
  m_CastShadows: 1
  m_ReceiveShadows: 1
  m_DynamicOccludee: 1
  m_MotionVectors: 1
  m_LightProbeUsage: 1
  m_ReflectionProbeUsage: 1
  m_RayTracingMode: 2
  m_RayTraceProcedural: 0
  m_RenderingLayerMask: 1
  m_RendererPriority: 0
  m_Materials:
  - {fileID: 2100000, guid: ba2ea1179739cd048ac5893e24f64995, type: 2}
  - {fileID: 2100000, guid: 58156e373dcb24f4a930bf22d3cae88a, type: 2}
  m_StaticBatchInfo:
    firstSubMesh: 0
    subMeshCount: 0
  m_StaticBatchRoot: {fileID: 0}
  m_ProbeAnchor: {fileID: 0}
  m_LightProbeVolumeOverride: {fileID: 0}
  m_ScaleInLightmap: 1
  m_ReceiveGI: 1
  m_PreserveUVs: 0
  m_IgnoreNormalsForChartDetection: 0
  m_ImportantGI: 0
  m_StitchLightmapSeams: 1
  m_SelectedEditorRenderState: 3
  m_MinimumChartSize: 4
  m_AutoUVMaxDistance: 0.5
  m_AutoUVMaxAngle: 89
  m_LightmapParameters: {fileID: 0}
  m_SortingLayerID: 0
  m_SortingLayer: 0
  m_SortingOrder: 0
  m_AdditionalVertexStreams: {fileID: 0}
--- !u!64 &3380383907556029308
MeshCollider:
  m_ObjectHideFlags: 0
  m_CorrespondingSourceObject: {fileID: 0}
  m_PrefabInstance: {fileID: 0}
  m_PrefabAsset: {fileID: 0}
  m_GameObject: {fileID: 2461464110175342123}
  m_Material: {fileID: 0}
  m_IsTrigger: 0
  m_Enabled: 1
  serializedVersion: 4
  m_Convex: 0
  m_CookingOptions: 30
  m_Mesh: {fileID: -8639836434531384024, guid: da01ac4dd3c884b4aaba9ba440cdf3ad, type: 3}
--- !u!64 &410422677921962136
MeshCollider:
  m_ObjectHideFlags: 0
  m_CorrespondingSourceObject: {fileID: 0}
  m_PrefabInstance: {fileID: 0}
  m_PrefabAsset: {fileID: 0}
  m_GameObject: {fileID: 2461464111244533248}
  m_Material: {fileID: 0}
  m_IsTrigger: 0
  m_Enabled: 1
  serializedVersion: 4
  m_Convex: 0
  m_CookingOptions: 30
  m_Mesh: {fileID: -1500079855725507166, guid: cf616ba4b74131b40a482d952e0e0049, type: 3}
--- !u!1001 &454084177467125595
PrefabInstance:
  m_ObjectHideFlags: 0
  serializedVersion: 2
  m_Modification:
    m_TransformParent: {fileID: 2982280418963723409}
    m_Modifications:
    - target: {fileID: 6167891499550052195, guid: d83aee8985027194aa409240e381a49d, type: 3}
      propertyPath: m_RootOrder
      value: 2
      objectReference: {fileID: 0}
    - target: {fileID: 6167891499550052195, guid: d83aee8985027194aa409240e381a49d, type: 3}
      propertyPath: m_LocalPosition.x
      value: 0.5045748
      objectReference: {fileID: 0}
    - target: {fileID: 6167891499550052195, guid: d83aee8985027194aa409240e381a49d, type: 3}
      propertyPath: m_LocalPosition.y
      value: 0.6049228
      objectReference: {fileID: 0}
    - target: {fileID: 6167891499550052195, guid: d83aee8985027194aa409240e381a49d, type: 3}
      propertyPath: m_LocalPosition.z
      value: -0.13672471
      objectReference: {fileID: 0}
    - target: {fileID: 6167891499550052195, guid: d83aee8985027194aa409240e381a49d, type: 3}
      propertyPath: m_LocalRotation.w
      value: 1
      objectReference: {fileID: 0}
    - target: {fileID: 6167891499550052195, guid: d83aee8985027194aa409240e381a49d, type: 3}
      propertyPath: m_LocalRotation.x
      value: -0
      objectReference: {fileID: 0}
    - target: {fileID: 6167891499550052195, guid: d83aee8985027194aa409240e381a49d, type: 3}
      propertyPath: m_LocalRotation.y
      value: -0
      objectReference: {fileID: 0}
    - target: {fileID: 6167891499550052195, guid: d83aee8985027194aa409240e381a49d, type: 3}
      propertyPath: m_LocalRotation.z
      value: -0
      objectReference: {fileID: 0}
    - target: {fileID: 6167891499550052195, guid: d83aee8985027194aa409240e381a49d, type: 3}
      propertyPath: m_LocalEulerAnglesHint.x
      value: 0
      objectReference: {fileID: 0}
    - target: {fileID: 6167891499550052195, guid: d83aee8985027194aa409240e381a49d, type: 3}
      propertyPath: m_LocalEulerAnglesHint.y
      value: 0
      objectReference: {fileID: 0}
    - target: {fileID: 6167891499550052195, guid: d83aee8985027194aa409240e381a49d, type: 3}
      propertyPath: m_LocalEulerAnglesHint.z
      value: 0
      objectReference: {fileID: 0}
    - target: {fileID: 6832822717493106137, guid: d83aee8985027194aa409240e381a49d, type: 3}
      propertyPath: m_Name
      value: M_SM_All_Carott.001
      objectReference: {fileID: 0}
    m_RemovedComponents: []
  m_SourcePrefab: {fileID: 100100000, guid: d83aee8985027194aa409240e381a49d, type: 3}
--- !u!4 &6041011021753655352 stripped
Transform:
  m_CorrespondingSourceObject: {fileID: 6167891499550052195, guid: d83aee8985027194aa409240e381a49d, type: 3}
  m_PrefabInstance: {fileID: 454084177467125595}
  m_PrefabAsset: {fileID: 0}
--- !u!1001 &1097838503856890681
PrefabInstance:
  m_ObjectHideFlags: 0
  serializedVersion: 2
  m_Modification:
    m_TransformParent: {fileID: 2982280418963723409}
    m_Modifications:
    - target: {fileID: 8439115318321208279, guid: 1d96a89c8b6628a478725f416b49816a, type: 3}
      propertyPath: m_RootOrder
      value: 5
      objectReference: {fileID: 0}
    - target: {fileID: 8439115318321208279, guid: 1d96a89c8b6628a478725f416b49816a, type: 3}
      propertyPath: m_LocalPosition.x
      value: 0.56682587
      objectReference: {fileID: 0}
    - target: {fileID: 8439115318321208279, guid: 1d96a89c8b6628a478725f416b49816a, type: 3}
      propertyPath: m_LocalPosition.y
      value: 1.8441763
      objectReference: {fileID: 0}
    - target: {fileID: 8439115318321208279, guid: 1d96a89c8b6628a478725f416b49816a, type: 3}
      propertyPath: m_LocalPosition.z
      value: -0.378
      objectReference: {fileID: 0}
    - target: {fileID: 8439115318321208279, guid: 1d96a89c8b6628a478725f416b49816a, type: 3}
      propertyPath: m_LocalRotation.w
      value: 1
      objectReference: {fileID: 0}
    - target: {fileID: 8439115318321208279, guid: 1d96a89c8b6628a478725f416b49816a, type: 3}
      propertyPath: m_LocalRotation.x
      value: -0
      objectReference: {fileID: 0}
    - target: {fileID: 8439115318321208279, guid: 1d96a89c8b6628a478725f416b49816a, type: 3}
      propertyPath: m_LocalRotation.y
      value: -0
      objectReference: {fileID: 0}
    - target: {fileID: 8439115318321208279, guid: 1d96a89c8b6628a478725f416b49816a, type: 3}
      propertyPath: m_LocalRotation.z
      value: -0
      objectReference: {fileID: 0}
    - target: {fileID: 8439115318321208279, guid: 1d96a89c8b6628a478725f416b49816a, type: 3}
      propertyPath: m_LocalEulerAnglesHint.x
      value: 0
      objectReference: {fileID: 0}
    - target: {fileID: 8439115318321208279, guid: 1d96a89c8b6628a478725f416b49816a, type: 3}
      propertyPath: m_LocalEulerAnglesHint.y
      value: 0
      objectReference: {fileID: 0}
    - target: {fileID: 8439115318321208279, guid: 1d96a89c8b6628a478725f416b49816a, type: 3}
      propertyPath: m_LocalEulerAnglesHint.z
      value: 0
      objectReference: {fileID: 0}
    - target: {fileID: 9103483522171502957, guid: 1d96a89c8b6628a478725f416b49816a, type: 3}
      propertyPath: m_Name
      value: M_DM_All_SimplePlant.003
      objectReference: {fileID: 0}
    m_RemovedComponents: []
  m_SourcePrefab: {fileID: 100100000, guid: 1d96a89c8b6628a478725f416b49816a, type: 3}
--- !u!4 &8800470066668058862 stripped
Transform:
  m_CorrespondingSourceObject: {fileID: 8439115318321208279, guid: 1d96a89c8b6628a478725f416b49816a, type: 3}
  m_PrefabInstance: {fileID: 1097838503856890681}
  m_PrefabAsset: {fileID: 0}
--- !u!1001 &1540741055986958927
PrefabInstance:
  m_ObjectHideFlags: 0
  serializedVersion: 2
  m_Modification:
    m_TransformParent: {fileID: 2982280418963723409}
    m_Modifications:
    - target: {fileID: 3725722855222242448, guid: 9ebfbf8d52ca014439462213a273d8f7, type: 3}
      propertyPath: m_Name
      value: M_DM_All_Bush.002
      objectReference: {fileID: 0}
    - target: {fileID: 4107209875508114986, guid: 9ebfbf8d52ca014439462213a273d8f7, type: 3}
      propertyPath: m_RootOrder
      value: 1
      objectReference: {fileID: 0}
    - target: {fileID: 4107209875508114986, guid: 9ebfbf8d52ca014439462213a273d8f7, type: 3}
      propertyPath: m_LocalPosition.x
      value: -0.3661003
      objectReference: {fileID: 0}
    - target: {fileID: 4107209875508114986, guid: 9ebfbf8d52ca014439462213a273d8f7, type: 3}
      propertyPath: m_LocalPosition.y
      value: 0.63773155
      objectReference: {fileID: 0}
    - target: {fileID: 4107209875508114986, guid: 9ebfbf8d52ca014439462213a273d8f7, type: 3}
      propertyPath: m_LocalPosition.z
      value: -0.0020287037
      objectReference: {fileID: 0}
    - target: {fileID: 4107209875508114986, guid: 9ebfbf8d52ca014439462213a273d8f7, type: 3}
      propertyPath: m_LocalRotation.w
      value: 1
      objectReference: {fileID: 0}
    - target: {fileID: 4107209875508114986, guid: 9ebfbf8d52ca014439462213a273d8f7, type: 3}
      propertyPath: m_LocalRotation.x
      value: -0
      objectReference: {fileID: 0}
    - target: {fileID: 4107209875508114986, guid: 9ebfbf8d52ca014439462213a273d8f7, type: 3}
      propertyPath: m_LocalRotation.y
      value: -0
      objectReference: {fileID: 0}
    - target: {fileID: 4107209875508114986, guid: 9ebfbf8d52ca014439462213a273d8f7, type: 3}
      propertyPath: m_LocalRotation.z
      value: -0
      objectReference: {fileID: 0}
    - target: {fileID: 4107209875508114986, guid: 9ebfbf8d52ca014439462213a273d8f7, type: 3}
      propertyPath: m_LocalEulerAnglesHint.x
      value: 0
      objectReference: {fileID: 0}
    - target: {fileID: 4107209875508114986, guid: 9ebfbf8d52ca014439462213a273d8f7, type: 3}
      propertyPath: m_LocalEulerAnglesHint.y
      value: 0
      objectReference: {fileID: 0}
    - target: {fileID: 4107209875508114986, guid: 9ebfbf8d52ca014439462213a273d8f7, type: 3}
      propertyPath: m_LocalEulerAnglesHint.z
      value: 0
      objectReference: {fileID: 0}
    m_RemovedComponents: []
  m_SourcePrefab: {fileID: 100100000, guid: 9ebfbf8d52ca014439462213a273d8f7, type: 3}
--- !u!4 &3287190453792126053 stripped
Transform:
  m_CorrespondingSourceObject: {fileID: 4107209875508114986, guid: 9ebfbf8d52ca014439462213a273d8f7, type: 3}
  m_PrefabInstance: {fileID: 1540741055986958927}
  m_PrefabAsset: {fileID: 0}
--- !u!1001 &3380383906478383953
PrefabInstance:
  m_ObjectHideFlags: 0
  serializedVersion: 2
  m_Modification:
    m_TransformParent: {fileID: 2982280418963723409}
    m_Modifications:
    - target: {fileID: -8679921383154817045, guid: cf616ba4b74131b40a482d952e0e0049, type: 3}
      propertyPath: m_RootOrder
      value: 0
      objectReference: {fileID: 0}
    - target: {fileID: -8679921383154817045, guid: cf616ba4b74131b40a482d952e0e0049, type: 3}
      propertyPath: m_LocalPosition.x
      value: 0
      objectReference: {fileID: 0}
    - target: {fileID: -8679921383154817045, guid: cf616ba4b74131b40a482d952e0e0049, type: 3}
      propertyPath: m_LocalPosition.y
      value: 0.00930622
      objectReference: {fileID: 0}
    - target: {fileID: -8679921383154817045, guid: cf616ba4b74131b40a482d952e0e0049, type: 3}
      propertyPath: m_LocalPosition.z
      value: 0
      objectReference: {fileID: 0}
    - target: {fileID: -8679921383154817045, guid: cf616ba4b74131b40a482d952e0e0049, type: 3}
      propertyPath: m_LocalRotation.w
      value: 1
      objectReference: {fileID: 0}
    - target: {fileID: -8679921383154817045, guid: cf616ba4b74131b40a482d952e0e0049, type: 3}
      propertyPath: m_LocalRotation.x
      value: -0
      objectReference: {fileID: 0}
    - target: {fileID: -8679921383154817045, guid: cf616ba4b74131b40a482d952e0e0049, type: 3}
      propertyPath: m_LocalRotation.y
      value: -0
      objectReference: {fileID: 0}
    - target: {fileID: -8679921383154817045, guid: cf616ba4b74131b40a482d952e0e0049, type: 3}
      propertyPath: m_LocalRotation.z
      value: -0
      objectReference: {fileID: 0}
    - target: {fileID: -8679921383154817045, guid: cf616ba4b74131b40a482d952e0e0049, type: 3}
      propertyPath: m_LocalEulerAnglesHint.x
      value: 0
      objectReference: {fileID: 0}
    - target: {fileID: -8679921383154817045, guid: cf616ba4b74131b40a482d952e0e0049, type: 3}
      propertyPath: m_LocalEulerAnglesHint.y
      value: 0
      objectReference: {fileID: 0}
    - target: {fileID: -8679921383154817045, guid: cf616ba4b74131b40a482d952e0e0049, type: 3}
      propertyPath: m_LocalEulerAnglesHint.z
      value: 0
      objectReference: {fileID: 0}
    - target: {fileID: -7511558181221131132, guid: cf616ba4b74131b40a482d952e0e0049, type: 3}
      propertyPath: m_Materials.Array.data[0]
      value: 
      objectReference: {fileID: 2100000, guid: ba2ea1179739cd048ac5893e24f64995, type: 2}
    - target: {fileID: -7511558181221131132, guid: cf616ba4b74131b40a482d952e0e0049, type: 3}
      propertyPath: m_Materials.Array.data[1]
      value: 
      objectReference: {fileID: 2100000, guid: 58156e373dcb24f4a930bf22d3cae88a, type: 2}
    - target: {fileID: 919132149155446097, guid: cf616ba4b74131b40a482d952e0e0049, type: 3}
      propertyPath: m_Name
      value: M_DM_ALL_Burnable_Shelf_up.002
      objectReference: {fileID: 0}
    - target: {fileID: 919132149155446097, guid: cf616ba4b74131b40a482d952e0e0049, type: 3}
      propertyPath: m_StaticEditorFlags
      value: 4294967295
      objectReference: {fileID: 0}
    m_RemovedComponents: []
  m_SourcePrefab: {fileID: 100100000, guid: cf616ba4b74131b40a482d952e0e0049, type: 3}
--- !u!1 &2461464111244533248 stripped
GameObject:
  m_CorrespondingSourceObject: {fileID: 919132149155446097, guid: cf616ba4b74131b40a482d952e0e0049, type: 3}
  m_PrefabInstance: {fileID: 3380383906478383953}
  m_PrefabAsset: {fileID: 0}
--- !u!4 &2982280420032906426 stripped
Transform:
  m_CorrespondingSourceObject: {fileID: -8679921383154817045, guid: cf616ba4b74131b40a482d952e0e0049, type: 3}
  m_PrefabInstance: {fileID: 3380383906478383953}
  m_PrefabAsset: {fileID: 0}
--- !u!1001 &5055488159044053136
PrefabInstance:
  m_ObjectHideFlags: 0
  serializedVersion: 2
  m_Modification:
    m_TransformParent: {fileID: 2982280418963723409}
    m_Modifications:
    - target: {fileID: 7346010013618455359, guid: bbb5d7968ae6d534f90c99d3a660bc7e, type: 3}
      propertyPath: m_Name
      value: M_DM_All_Moss.002
      objectReference: {fileID: 0}
    - target: {fileID: 7978572606221621637, guid: bbb5d7968ae6d534f90c99d3a660bc7e, type: 3}
      propertyPath: m_RootOrder
      value: 4
      objectReference: {fileID: 0}
    - target: {fileID: 7978572606221621637, guid: bbb5d7968ae6d534f90c99d3a660bc7e, type: 3}
      propertyPath: m_LocalPosition.x
      value: -0.48913383
      objectReference: {fileID: 0}
    - target: {fileID: 7978572606221621637, guid: bbb5d7968ae6d534f90c99d3a660bc7e, type: 3}
      propertyPath: m_LocalPosition.y
      value: 1.8857882
      objectReference: {fileID: 0}
    - target: {fileID: 7978572606221621637, guid: bbb5d7968ae6d534f90c99d3a660bc7e, type: 3}
      propertyPath: m_LocalPosition.z
      value: -0.08069539
      objectReference: {fileID: 0}
    - target: {fileID: 7978572606221621637, guid: bbb5d7968ae6d534f90c99d3a660bc7e, type: 3}
      propertyPath: m_LocalRotation.w
      value: 1
      objectReference: {fileID: 0}
    - target: {fileID: 7978572606221621637, guid: bbb5d7968ae6d534f90c99d3a660bc7e, type: 3}
      propertyPath: m_LocalRotation.x
      value: -0
      objectReference: {fileID: 0}
    - target: {fileID: 7978572606221621637, guid: bbb5d7968ae6d534f90c99d3a660bc7e, type: 3}
      propertyPath: m_LocalRotation.y
      value: -0
      objectReference: {fileID: 0}
    - target: {fileID: 7978572606221621637, guid: bbb5d7968ae6d534f90c99d3a660bc7e, type: 3}
      propertyPath: m_LocalRotation.z
      value: -0
      objectReference: {fileID: 0}
    - target: {fileID: 7978572606221621637, guid: bbb5d7968ae6d534f90c99d3a660bc7e, type: 3}
      propertyPath: m_LocalEulerAnglesHint.x
      value: 0
      objectReference: {fileID: 0}
    - target: {fileID: 7978572606221621637, guid: bbb5d7968ae6d534f90c99d3a660bc7e, type: 3}
      propertyPath: m_LocalEulerAnglesHint.y
      value: 0
      objectReference: {fileID: 0}
    - target: {fileID: 7978572606221621637, guid: bbb5d7968ae6d534f90c99d3a660bc7e, type: 3}
      propertyPath: m_LocalEulerAnglesHint.z
      value: 0
      objectReference: {fileID: 0}
    m_RemovedComponents: []
  m_SourcePrefab: {fileID: 100100000, guid: bbb5d7968ae6d534f90c99d3a660bc7e, type: 3}
--- !u!4 &2923159626486853909 stripped
Transform:
  m_CorrespondingSourceObject: {fileID: 7978572606221621637, guid: bbb5d7968ae6d534f90c99d3a660bc7e, type: 3}
  m_PrefabInstance: {fileID: 5055488159044053136}
  m_PrefabAsset: {fileID: 0}
--- !u!1001 &5443143165531777562
PrefabInstance:
  m_ObjectHideFlags: 0
  serializedVersion: 2
  m_Modification:
    m_TransformParent: {fileID: 2982280418963723409}
    m_Modifications:
    - target: {fileID: 2645199366894651705, guid: 4ec6d314fa995954aaa76ce8d6b79f4e, type: 3}
      propertyPath: m_Name
      value: M_SM_All_Carott
      objectReference: {fileID: 0}
    - target: {fileID: 3458327336437961603, guid: 4ec6d314fa995954aaa76ce8d6b79f4e, type: 3}
      propertyPath: m_RootOrder
      value: 3
      objectReference: {fileID: 0}
    - target: {fileID: 3458327336437961603, guid: 4ec6d314fa995954aaa76ce8d6b79f4e, type: 3}
      propertyPath: m_LocalPosition.x
      value: 0.834
      objectReference: {fileID: 0}
    - target: {fileID: 3458327336437961603, guid: 4ec6d314fa995954aaa76ce8d6b79f4e, type: 3}
      propertyPath: m_LocalPosition.y
      value: 0.484
      objectReference: {fileID: 0}
    - target: {fileID: 3458327336437961603, guid: 4ec6d314fa995954aaa76ce8d6b79f4e, type: 3}
      propertyPath: m_LocalPosition.z
      value: 0.034201503
      objectReference: {fileID: 0}
    - target: {fileID: 3458327336437961603, guid: 4ec6d314fa995954aaa76ce8d6b79f4e, type: 3}
      propertyPath: m_LocalRotation.w
      value: 0.9503187
      objectReference: {fileID: 0}
    - target: {fileID: 3458327336437961603, guid: 4ec6d314fa995954aaa76ce8d6b79f4e, type: 3}
      propertyPath: m_LocalRotation.x
      value: -0
      objectReference: {fileID: 0}
    - target: {fileID: 3458327336437961603, guid: 4ec6d314fa995954aaa76ce8d6b79f4e, type: 3}
      propertyPath: m_LocalRotation.y
      value: -0
      objectReference: {fileID: 0}
    - target: {fileID: 3458327336437961603, guid: 4ec6d314fa995954aaa76ce8d6b79f4e, type: 3}
      propertyPath: m_LocalRotation.z
      value: -0.31127873
      objectReference: {fileID: 0}
    - target: {fileID: 3458327336437961603, guid: 4ec6d314fa995954aaa76ce8d6b79f4e, type: 3}
      propertyPath: m_LocalEulerAnglesHint.x
      value: 0
      objectReference: {fileID: 0}
    - target: {fileID: 3458327336437961603, guid: 4ec6d314fa995954aaa76ce8d6b79f4e, type: 3}
      propertyPath: m_LocalEulerAnglesHint.y
      value: 0
      objectReference: {fileID: 0}
    - target: {fileID: 3458327336437961603, guid: 4ec6d314fa995954aaa76ce8d6b79f4e, type: 3}
      propertyPath: m_LocalEulerAnglesHint.z
      value: -36.273
      objectReference: {fileID: 0}
    m_RemovedComponents: []
  m_SourcePrefab: {fileID: 100100000, guid: 4ec6d314fa995954aaa76ce8d6b79f4e, type: 3}
--- !u!4 &7239430560361593241 stripped
Transform:
  m_CorrespondingSourceObject: {fileID: 3458327336437961603, guid: 4ec6d314fa995954aaa76ce8d6b79f4e, type: 3}
  m_PrefabInstance: {fileID: 5443143165531777562}
  m_PrefabAsset: {fileID: 0}
--- !u!1001 &8652675804624325238
PrefabInstance:
  m_ObjectHideFlags: 0
  serializedVersion: 2
  m_Modification:
    m_TransformParent: {fileID: 2982280418963723409}
    m_Modifications:
    - target: {fileID: 3782341375477379296, guid: 1e1bbe3163af06c418b6476bc0695a5d, type: 3}
      propertyPath: m_Name
      value: M_DM_All_SimplePlant.002
      objectReference: {fileID: 0}
    - target: {fileID: 4554902686950435418, guid: 1e1bbe3163af06c418b6476bc0695a5d, type: 3}
      propertyPath: m_RootOrder
      value: 6
      objectReference: {fileID: 0}
    - target: {fileID: 4554902686950435418, guid: 1e1bbe3163af06c418b6476bc0695a5d, type: 3}
      propertyPath: m_LocalPosition.x
      value: 0.7103977
      objectReference: {fileID: 0}
    - target: {fileID: 4554902686950435418, guid: 1e1bbe3163af06c418b6476bc0695a5d, type: 3}
      propertyPath: m_LocalPosition.y
      value: 1.8039775
      objectReference: {fileID: 0}
    - target: {fileID: 4554902686950435418, guid: 1e1bbe3163af06c418b6476bc0695a5d, type: 3}
      propertyPath: m_LocalPosition.z
      value: 0.2753222
      objectReference: {fileID: 0}
    - target: {fileID: 4554902686950435418, guid: 1e1bbe3163af06c418b6476bc0695a5d, type: 3}
      propertyPath: m_LocalRotation.w
      value: 1
      objectReference: {fileID: 0}
    - target: {fileID: 4554902686950435418, guid: 1e1bbe3163af06c418b6476bc0695a5d, type: 3}
      propertyPath: m_LocalRotation.x
      value: -0
      objectReference: {fileID: 0}
    - target: {fileID: 4554902686950435418, guid: 1e1bbe3163af06c418b6476bc0695a5d, type: 3}
      propertyPath: m_LocalRotation.y
      value: -0
      objectReference: {fileID: 0}
    - target: {fileID: 4554902686950435418, guid: 1e1bbe3163af06c418b6476bc0695a5d, type: 3}
      propertyPath: m_LocalRotation.z
      value: -0
      objectReference: {fileID: 0}
    - target: {fileID: 4554902686950435418, guid: 1e1bbe3163af06c418b6476bc0695a5d, type: 3}
      propertyPath: m_LocalEulerAnglesHint.x
      value: 0
      objectReference: {fileID: 0}
    - target: {fileID: 4554902686950435418, guid: 1e1bbe3163af06c418b6476bc0695a5d, type: 3}
      propertyPath: m_LocalEulerAnglesHint.y
      value: 0
      objectReference: {fileID: 0}
    - target: {fileID: 4554902686950435418, guid: 1e1bbe3163af06c418b6476bc0695a5d, type: 3}
      propertyPath: m_LocalEulerAnglesHint.z
      value: 0
      objectReference: {fileID: 0}
    m_RemovedComponents: []
  m_SourcePrefab: {fileID: 100100000, guid: 1e1bbe3163af06c418b6476bc0695a5d, type: 3}
--- !u!4 &5125722069088542764 stripped
Transform:
  m_CorrespondingSourceObject: {fileID: 4554902686950435418, guid: 1e1bbe3163af06c418b6476bc0695a5d, type: 3}
  m_PrefabInstance: {fileID: 8652675804624325238}
  m_PrefabAsset: {fileID: 0}
