%YAML 1.1
%TAG !u! tag:unity3d.com,2011:
--- !u!1 &2405554436661000006
GameObject:
  m_ObjectHideFlags: 0
  m_CorrespondingSourceObject: {fileID: 0}
  m_PrefabInstance: {fileID: 0}
  m_PrefabAsset: {fileID: 0}
  serializedVersion: 6
  m_Component:
  - component: {fileID: 2696950260099241927}
  - component: {fileID: 5095387710454749879}
  - component: {fileID: 308475284673634563}
  m_Layer: 0
  m_Name: Fire
  m_TagString: Untagged
  m_Icon: {fileID: 0}
  m_NavMeshLayer: 0
  m_StaticEditorFlags: 0
  m_IsActive: 1
--- !u!4 &2696950260099241927
Transform:
  m_ObjectHideFlags: 0
  m_CorrespondingSourceObject: {fileID: 0}
  m_PrefabInstance: {fileID: 0}
  m_PrefabAsset: {fileID: 0}
  m_GameObject: {fileID: 2405554436661000006}
  m_LocalRotation: {x: 0, y: 0, z: 0, w: 1}
  m_LocalPosition: {x: 0, y: 0, z: 0}
  m_LocalScale: {x: 1, y: 1, z: 1}
  m_Children: []
  m_Father: {fileID: 4093691185277423718}
  m_RootOrder: 4
  m_LocalEulerAnglesHint: {x: 0, y: 0, z: 0}
--- !u!2083052967 &5095387710454749879
VisualEffect:
  m_ObjectHideFlags: 0
  m_CorrespondingSourceObject: {fileID: 0}
  m_PrefabInstance: {fileID: 0}
  m_PrefabAsset: {fileID: 0}
  m_GameObject: {fileID: 2405554436661000006}
  m_Enabled: 1
  m_Asset: {fileID: 8926484042661614526, guid: 6e3e2fc1c1062b4479c250d1fb102220, type: 3}
  m_InitialEventName: 
  m_InitialEventNameOverriden: 1
  m_StartSeed: 0
  m_ResetSeedOnPlay: 1
  m_ResourceVersion: 1
  m_PropertySheet:
    m_Float:
      m_Array: []
    m_Vector2f:
      m_Array: []
    m_Vector3f:
      m_Array: []
    m_Vector4f:
      m_Array: []
    m_Uint:
      m_Array: []
    m_Int:
      m_Array: []
    m_Matrix4x4f:
      m_Array: []
    m_AnimationCurve:
      m_Array: []
    m_Gradient:
      m_Array: []
    m_NamedObject:
      m_Array: []
    m_Bool:
      m_Array: []
--- !u!73398921 &308475284673634563
VFXRenderer:
  m_ObjectHideFlags: 0
  m_CorrespondingSourceObject: {fileID: 0}
  m_PrefabInstance: {fileID: 0}
  m_PrefabAsset: {fileID: 0}
  m_GameObject: {fileID: 2405554436661000006}
  m_Enabled: 1
  m_CastShadows: 0
  m_ReceiveShadows: 0
  m_DynamicOccludee: 1
  m_MotionVectors: 0
  m_LightProbeUsage: 0
  m_ReflectionProbeUsage: 0
  m_RayTracingMode: 0
  m_RayTraceProcedural: 0
  m_RenderingLayerMask: 1
  m_RendererPriority: 0
  m_Materials:
  - {fileID: 0}
  - {fileID: 0}
  - {fileID: 0}
  m_StaticBatchInfo:
    firstSubMesh: 0
    subMeshCount: 0
  m_StaticBatchRoot: {fileID: 0}
  m_ProbeAnchor: {fileID: 0}
  m_LightProbeVolumeOverride: {fileID: 0}
  m_ScaleInLightmap: 1
  m_ReceiveGI: 1
  m_PreserveUVs: 0
  m_IgnoreNormalsForChartDetection: 0
  m_ImportantGI: 0
  m_StitchLightmapSeams: 1
  m_SelectedEditorRenderState: 3
  m_MinimumChartSize: 4
  m_AutoUVMaxDistance: 0.5
  m_AutoUVMaxAngle: 89
  m_LightmapParameters: {fileID: 0}
  m_SortingLayerID: 0
  m_SortingLayer: 0
  m_SortingOrder: 0
--- !u!1 &3712205092438117084
GameObject:
  m_ObjectHideFlags: 0
  m_CorrespondingSourceObject: {fileID: 0}
  m_PrefabInstance: {fileID: 0}
  m_PrefabAsset: {fileID: 0}
  serializedVersion: 6
  m_Component:
  - component: {fileID: 4093691185277423718}
  - component: {fileID: 1108006337852530627}
  - component: {fileID: 2919628527244684041}
  - component: {fileID: 879986486747537483}
  - component: {fileID: 829349332051426671}
  m_Layer: 0
  m_Name: Medium_Shelf
  m_TagString: Untagged
  m_Icon: {fileID: 0}
  m_NavMeshLayer: 0
  m_StaticEditorFlags: 4294967295
  m_IsActive: 1
--- !u!4 &4093691185277423718
Transform:
  m_ObjectHideFlags: 0
  m_CorrespondingSourceObject: {fileID: 0}
  m_PrefabInstance: {fileID: 0}
  m_PrefabAsset: {fileID: 0}
  m_GameObject: {fileID: 3712205092438117084}
  m_LocalRotation: {x: 0, y: 0, z: 0, w: 1}
  m_LocalPosition: {x: 0, y: 0, z: 0}
  m_LocalScale: {x: 1, y: 1, z: 1}
  m_Children:
  - {fileID: 5213860891535623478}
  - {fileID: 3628254445419493611}
  - {fileID: 6077027263786096108}
  - {fileID: 2480463851899931878}
  - {fileID: 2696950260099241927}
  - {fileID: 5675706248234821024}
  m_Father: {fileID: 0}
  m_RootOrder: 0
  m_LocalEulerAnglesHint: {x: 0, y: 0, z: 0}
--- !u!33 &1108006337852530627
MeshFilter:
  m_ObjectHideFlags: 0
  m_CorrespondingSourceObject: {fileID: 0}
  m_PrefabInstance: {fileID: 0}
  m_PrefabAsset: {fileID: 0}
  m_GameObject: {fileID: 3712205092438117084}
  m_Mesh: {fileID: -8639836434531384024, guid: da01ac4dd3c884b4aaba9ba440cdf3ad, type: 3}
--- !u!23 &2919628527244684041
MeshRenderer:
  m_ObjectHideFlags: 0
  m_CorrespondingSourceObject: {fileID: 0}
  m_PrefabInstance: {fileID: 0}
  m_PrefabAsset: {fileID: 0}
  m_GameObject: {fileID: 3712205092438117084}
  m_Enabled: 1
  m_CastShadows: 1
  m_ReceiveShadows: 1
  m_DynamicOccludee: 1
  m_MotionVectors: 1
  m_LightProbeUsage: 1
  m_ReflectionProbeUsage: 1
  m_RayTracingMode: 2
  m_RayTraceProcedural: 0
  m_RenderingLayerMask: 1
  m_RendererPriority: 0
  m_Materials:
  - {fileID: 2100000, guid: ba2ea1179739cd048ac5893e24f64995, type: 2}
  - {fileID: 2100000, guid: 58156e373dcb24f4a930bf22d3cae88a, type: 2}
  m_StaticBatchInfo:
    firstSubMesh: 0
    subMeshCount: 0
  m_StaticBatchRoot: {fileID: 0}
  m_ProbeAnchor: {fileID: 0}
  m_LightProbeVolumeOverride: {fileID: 0}
  m_ScaleInLightmap: 1
  m_ReceiveGI: 1
  m_PreserveUVs: 0
  m_IgnoreNormalsForChartDetection: 0
  m_ImportantGI: 0
  m_StitchLightmapSeams: 1
  m_SelectedEditorRenderState: 3
  m_MinimumChartSize: 4
  m_AutoUVMaxDistance: 0.5
  m_AutoUVMaxAngle: 89
  m_LightmapParameters: {fileID: 0}
  m_SortingLayerID: 0
  m_SortingLayer: 0
  m_SortingOrder: 0
  m_AdditionalVertexStreams: {fileID: 0}
--- !u!65 &879986486747537483
BoxCollider:
  m_ObjectHideFlags: 0
  m_CorrespondingSourceObject: {fileID: 0}
  m_PrefabInstance: {fileID: 0}
  m_PrefabAsset: {fileID: 0}
  m_GameObject: {fileID: 3712205092438117084}
  m_Material: {fileID: 0}
  m_IsTrigger: 0
  m_Enabled: 1
  serializedVersion: 2
  m_Size: {x: 2.1979537, y: 0.7000001, z: 1.1388286}
  m_Center: {x: 0.0022283196, y: 0.35187593, z: 0}
--- !u!114 &829349332051426671
MonoBehaviour:
  m_ObjectHideFlags: 0
  m_CorrespondingSourceObject: {fileID: 0}
  m_PrefabInstance: {fileID: 0}
  m_PrefabAsset: {fileID: 0}
  m_GameObject: {fileID: 3712205092438117084}
  m_Enabled: 1
  m_EditorHideFlags: 0
  m_Script: {fileID: 11500000, guid: 0eb6c39654ca85649b1bb21d8e185a46, type: 3}
  m_Name: 
  m_EditorClassIdentifier: 
  MaxDurability: 0.75
  ImpactSound:
    idInternal: 0
    valueGuidInternal: 
    WwiseObjectReference: {fileID: 11400000, guid: d9f4648fba8a41e4da9e6425c3c6ee08, type: 2}
  CollisionSound:
    idInternal: 0
    valueGuidInternal: 
    WwiseObjectReference: {fileID: 11400000, guid: daecd4bddae0b1941bce88371230ee9a, type: 2}
  DestructionSound:
    idInternal: 0
    valueGuidInternal: 
    WwiseObjectReference: {fileID: 11400000, guid: f215d5c240844004e87684ce195c0942, type: 2}
  FireVfx: {fileID: 5095387710454749879}
  DestructionVfx: {fileID: 2940395434860395430}
  ExposureMaxDistance: 2
  FlammableTime: 5.5
  ExposureAmmount: 2
  BurnFactorWhenHurt: 3
  IsOnFire: 0
  AddRBToChildren: 0
  enableChildrenCollider: 0
  disableChildrenAfterBurn: 1
  MassChildren: 1
  FireSound:
    idInternal: 0
    valueGuidInternal: 
    WwiseObjectReference: {fileID: 11400000, guid: 8d73a21d2e8aa41459a6b39c00bd38e3, type: 2}
--- !u!1 &7032301314660757550
GameObject:
  m_ObjectHideFlags: 0
  m_CorrespondingSourceObject: {fileID: 0}
  m_PrefabInstance: {fileID: 0}
  m_PrefabAsset: {fileID: 0}
  serializedVersion: 6
  m_Component:
  - component: {fileID: 5675706248234821024}
  - component: {fileID: 2940395434860395430}
  - component: {fileID: 6765839429215765604}
  m_Layer: 0
  m_Name: BurningLeaf
  m_TagString: Untagged
  m_Icon: {fileID: 0}
  m_NavMeshLayer: 0
  m_StaticEditorFlags: 0
  m_IsActive: 1
--- !u!4 &5675706248234821024
Transform:
  m_ObjectHideFlags: 0
  m_CorrespondingSourceObject: {fileID: 0}
  m_PrefabInstance: {fileID: 0}
  m_PrefabAsset: {fileID: 0}
  m_GameObject: {fileID: 7032301314660757550}
  m_LocalRotation: {x: 0, y: 0, z: 0, w: 1}
  m_LocalPosition: {x: 0, y: 0, z: 0}
  m_LocalScale: {x: 1, y: 1, z: 1}
  m_Children: []
  m_Father: {fileID: 4093691185277423718}
  m_RootOrder: 5
  m_LocalEulerAnglesHint: {x: 0, y: 0, z: 0}
--- !u!2083052967 &2940395434860395430
VisualEffect:
  m_ObjectHideFlags: 0
  m_CorrespondingSourceObject: {fileID: 0}
  m_PrefabInstance: {fileID: 0}
  m_PrefabAsset: {fileID: 0}
  m_GameObject: {fileID: 7032301314660757550}
  m_Enabled: 1
  m_Asset: {fileID: 8926484042661614526, guid: 6102943c3631b6d4cb7c6a456dae1986, type: 3}
  m_InitialEventName: 
  m_InitialEventNameOverriden: 1
  m_StartSeed: 0
  m_ResetSeedOnPlay: 1
  m_ResourceVersion: 1
  m_PropertySheet:
    m_Float:
      m_Array: []
    m_Vector2f:
      m_Array: []
    m_Vector3f:
      m_Array: []
    m_Vector4f:
      m_Array: []
    m_Uint:
      m_Array: []
    m_Int:
      m_Array: []
    m_Matrix4x4f:
      m_Array: []
    m_AnimationCurve:
      m_Array: []
    m_Gradient:
      m_Array: []
    m_NamedObject:
      m_Array: []
    m_Bool:
      m_Array: []
--- !u!73398921 &6765839429215765604
VFXRenderer:
  m_ObjectHideFlags: 0
  m_CorrespondingSourceObject: {fileID: 0}
  m_PrefabInstance: {fileID: 0}
  m_PrefabAsset: {fileID: 0}
  m_GameObject: {fileID: 7032301314660757550}
  m_Enabled: 1
  m_CastShadows: 0
  m_ReceiveShadows: 0
  m_DynamicOccludee: 1
  m_MotionVectors: 0
  m_LightProbeUsage: 0
  m_ReflectionProbeUsage: 0
  m_RayTracingMode: 0
  m_RayTraceProcedural: 0
  m_RenderingLayerMask: 1
  m_RendererPriority: 0
  m_Materials:
  - {fileID: 0}
  - {fileID: 0}
  m_StaticBatchInfo:
    firstSubMesh: 0
    subMeshCount: 0
  m_StaticBatchRoot: {fileID: 0}
  m_ProbeAnchor: {fileID: 0}
  m_LightProbeVolumeOverride: {fileID: 0}
  m_ScaleInLightmap: 1
  m_ReceiveGI: 1
  m_PreserveUVs: 0
  m_IgnoreNormalsForChartDetection: 0
  m_ImportantGI: 0
  m_StitchLightmapSeams: 1
  m_SelectedEditorRenderState: 3
  m_MinimumChartSize: 4
  m_AutoUVMaxDistance: 0.5
  m_AutoUVMaxAngle: 89
  m_LightmapParameters: {fileID: 0}
  m_SortingLayerID: 0
  m_SortingLayer: 0
  m_SortingOrder: 0
--- !u!1001 &1549882321106354582
PrefabInstance:
  m_ObjectHideFlags: 0
  serializedVersion: 2
  m_Modification:
    m_TransformParent: {fileID: 4093691185277423718}
    m_Modifications:
    - target: {fileID: 2850155253959103775, guid: bfad29d7b20d3544491c464fb311bde2, type: 3}
      propertyPath: m_Materials.Array.data[0]
      value: 
      objectReference: {fileID: 0}
    - target: {fileID: 4030204317746236784, guid: bfad29d7b20d3544491c464fb311bde2, type: 3}
      propertyPath: m_RootOrder
      value: 3
      objectReference: {fileID: 0}
    - target: {fileID: 4030204317746236784, guid: bfad29d7b20d3544491c464fb311bde2, type: 3}
      propertyPath: m_LocalPosition.x
      value: -0.7516098
      objectReference: {fileID: 0}
    - target: {fileID: 4030204317746236784, guid: bfad29d7b20d3544491c464fb311bde2, type: 3}
      propertyPath: m_LocalPosition.y
      value: 0.5816448
      objectReference: {fileID: 0}
    - target: {fileID: 4030204317746236784, guid: bfad29d7b20d3544491c464fb311bde2, type: 3}
      propertyPath: m_LocalPosition.z
      value: 0.2387619
      objectReference: {fileID: 0}
    - target: {fileID: 4030204317746236784, guid: bfad29d7b20d3544491c464fb311bde2, type: 3}
      propertyPath: m_LocalRotation.w
      value: 1
      objectReference: {fileID: 0}
    - target: {fileID: 4030204317746236784, guid: bfad29d7b20d3544491c464fb311bde2, type: 3}
      propertyPath: m_LocalRotation.x
      value: -0
      objectReference: {fileID: 0}
    - target: {fileID: 4030204317746236784, guid: bfad29d7b20d3544491c464fb311bde2, type: 3}
      propertyPath: m_LocalRotation.y
      value: -0
      objectReference: {fileID: 0}
    - target: {fileID: 4030204317746236784, guid: bfad29d7b20d3544491c464fb311bde2, type: 3}
      propertyPath: m_LocalRotation.z
      value: -0
      objectReference: {fileID: 0}
    - target: {fileID: 4030204317746236784, guid: bfad29d7b20d3544491c464fb311bde2, type: 3}
      propertyPath: m_LocalEulerAnglesHint.x
      value: 0
      objectReference: {fileID: 0}
    - target: {fileID: 4030204317746236784, guid: bfad29d7b20d3544491c464fb311bde2, type: 3}
      propertyPath: m_LocalEulerAnglesHint.y
      value: 0
      objectReference: {fileID: 0}
    - target: {fileID: 4030204317746236784, guid: bfad29d7b20d3544491c464fb311bde2, type: 3}
      propertyPath: m_LocalEulerAnglesHint.z
      value: 0
      objectReference: {fileID: 0}
    - target: {fileID: 4370173709897619402, guid: bfad29d7b20d3544491c464fb311bde2, type: 3}
      propertyPath: m_Name
      value: M_DM_All_SimplePlant.001
      objectReference: {fileID: 0}
    m_RemovedComponents: []
  m_SourcePrefab: {fileID: 100100000, guid: bfad29d7b20d3544491c464fb311bde2, type: 3}
--- !u!4 &2480463851899931878 stripped
Transform:
  m_CorrespondingSourceObject: {fileID: 4030204317746236784, guid: bfad29d7b20d3544491c464fb311bde2, type: 3}
  m_PrefabInstance: {fileID: 1549882321106354582}
  m_PrefabAsset: {fileID: 0}
--- !u!1001 &2269985043318648436
PrefabInstance:
  m_ObjectHideFlags: 0
  serializedVersion: 2
  m_Modification:
    m_TransformParent: {fileID: 4093691185277423718}
    m_Modifications:
    - target: {fileID: 3890704505143367129, guid: accd16b3d656c3644be466c5af83e812, type: 3}
      propertyPath: m_Materials.Array.data[0]
      value: 
      objectReference: {fileID: 0}
    - target: {fileID: 4656365684728586530, guid: accd16b3d656c3644be466c5af83e812, type: 3}
      propertyPath: m_Name
      value: M_DM_All_SimplePlant
      objectReference: {fileID: 0}
    - target: {fileID: 5464391679532383128, guid: accd16b3d656c3644be466c5af83e812, type: 3}
      propertyPath: m_RootOrder
      value: 2
      objectReference: {fileID: 0}
    - target: {fileID: 5464391679532383128, guid: accd16b3d656c3644be466c5af83e812, type: 3}
      propertyPath: m_LocalPosition.x
      value: -0.83800316
      objectReference: {fileID: 0}
    - target: {fileID: 5464391679532383128, guid: accd16b3d656c3644be466c5af83e812, type: 3}
      propertyPath: m_LocalPosition.y
      value: 0.5842998
      objectReference: {fileID: 0}
    - target: {fileID: 5464391679532383128, guid: accd16b3d656c3644be466c5af83e812, type: 3}
      propertyPath: m_LocalPosition.z
      value: -0.38169098
      objectReference: {fileID: 0}
    - target: {fileID: 5464391679532383128, guid: accd16b3d656c3644be466c5af83e812, type: 3}
      propertyPath: m_LocalRotation.w
      value: 1
      objectReference: {fileID: 0}
    - target: {fileID: 5464391679532383128, guid: accd16b3d656c3644be466c5af83e812, type: 3}
      propertyPath: m_LocalRotation.x
      value: -0
      objectReference: {fileID: 0}
    - target: {fileID: 5464391679532383128, guid: accd16b3d656c3644be466c5af83e812, type: 3}
      propertyPath: m_LocalRotation.y
      value: -0
      objectReference: {fileID: 0}
    - target: {fileID: 5464391679532383128, guid: accd16b3d656c3644be466c5af83e812, type: 3}
      propertyPath: m_LocalRotation.z
      value: -0
      objectReference: {fileID: 0}
    - target: {fileID: 5464391679532383128, guid: accd16b3d656c3644be466c5af83e812, type: 3}
      propertyPath: m_LocalEulerAnglesHint.x
      value: 0
      objectReference: {fileID: 0}
    - target: {fileID: 5464391679532383128, guid: accd16b3d656c3644be466c5af83e812, type: 3}
      propertyPath: m_LocalEulerAnglesHint.y
      value: 0
      objectReference: {fileID: 0}
    - target: {fileID: 5464391679532383128, guid: accd16b3d656c3644be466c5af83e812, type: 3}
      propertyPath: m_LocalEulerAnglesHint.z
      value: 0
      objectReference: {fileID: 0}
    m_RemovedComponents: []
  m_SourcePrefab: {fileID: 100100000, guid: accd16b3d656c3644be466c5af83e812, type: 3}
--- !u!4 &6077027263786096108 stripped
Transform:
  m_CorrespondingSourceObject: {fileID: 5464391679532383128, guid: accd16b3d656c3644be466c5af83e812, type: 3}
  m_PrefabInstance: {fileID: 2269985043318648436}
  m_PrefabAsset: {fileID: 0}
--- !u!1001 &4702886871187002430
PrefabInstance:
  m_ObjectHideFlags: 0
  serializedVersion: 2
  m_Modification:
    m_TransformParent: {fileID: 4093691185277423718}
    m_Modifications:
    - target: {fileID: 167909474014268338, guid: ee23367aa6893c34f9bfb3b5c04f954f, type: 3}
      propertyPath: m_Name
      value: M_DM_All_Bush
      objectReference: {fileID: 0}
    - target: {fileID: 657341284850815240, guid: ee23367aa6893c34f9bfb3b5c04f954f, type: 3}
      propertyPath: m_RootOrder
      value: 0
      objectReference: {fileID: 0}
    - target: {fileID: 657341284850815240, guid: ee23367aa6893c34f9bfb3b5c04f954f, type: 3}
      propertyPath: m_LocalPosition.x
      value: 0.5611725
      objectReference: {fileID: 0}
    - target: {fileID: 657341284850815240, guid: ee23367aa6893c34f9bfb3b5c04f954f, type: 3}
      propertyPath: m_LocalPosition.y
      value: 0.5875716
      objectReference: {fileID: 0}
    - target: {fileID: 657341284850815240, guid: ee23367aa6893c34f9bfb3b5c04f954f, type: 3}
      propertyPath: m_LocalPosition.z
      value: 0.02759552
      objectReference: {fileID: 0}
    - target: {fileID: 657341284850815240, guid: ee23367aa6893c34f9bfb3b5c04f954f, type: 3}
      propertyPath: m_LocalRotation.w
      value: 1
      objectReference: {fileID: 0}
    - target: {fileID: 657341284850815240, guid: ee23367aa6893c34f9bfb3b5c04f954f, type: 3}
      propertyPath: m_LocalRotation.x
      value: -0
      objectReference: {fileID: 0}
    - target: {fileID: 657341284850815240, guid: ee23367aa6893c34f9bfb3b5c04f954f, type: 3}
      propertyPath: m_LocalRotation.y
      value: -0
      objectReference: {fileID: 0}
    - target: {fileID: 657341284850815240, guid: ee23367aa6893c34f9bfb3b5c04f954f, type: 3}
      propertyPath: m_LocalRotation.z
      value: -0
      objectReference: {fileID: 0}
    - target: {fileID: 657341284850815240, guid: ee23367aa6893c34f9bfb3b5c04f954f, type: 3}
      propertyPath: m_LocalEulerAnglesHint.x
      value: 0
      objectReference: {fileID: 0}
    - target: {fileID: 657341284850815240, guid: ee23367aa6893c34f9bfb3b5c04f954f, type: 3}
      propertyPath: m_LocalEulerAnglesHint.y
      value: 0
      objectReference: {fileID: 0}
    - target: {fileID: 657341284850815240, guid: ee23367aa6893c34f9bfb3b5c04f954f, type: 3}
      propertyPath: m_LocalEulerAnglesHint.z
      value: 0
      objectReference: {fileID: 0}
    - target: {fileID: 7947639070973271911, guid: ee23367aa6893c34f9bfb3b5c04f954f, type: 3}
      propertyPath: m_Materials.Array.data[0]
      value: 
      objectReference: {fileID: 0}
    m_RemovedComponents: []
  m_SourcePrefab: {fileID: 100100000, guid: ee23367aa6893c34f9bfb3b5c04f954f, type: 3}
--- !u!4 &5213860891535623478 stripped
Transform:
  m_CorrespondingSourceObject: {fileID: 657341284850815240, guid: ee23367aa6893c34f9bfb3b5c04f954f, type: 3}
  m_PrefabInstance: {fileID: 4702886871187002430}
  m_PrefabAsset: {fileID: 0}
--- !u!1001 &6381242862523146147
PrefabInstance:
  m_ObjectHideFlags: 0
  serializedVersion: 2
  m_Modification:
    m_TransformParent: {fileID: 4093691185277423718}
    m_Modifications:
    - target: {fileID: 5359811599683487, guid: 849ebf9928454b848ad54770f641641e, type: 3}
      propertyPath: m_Materials.Array.data[0]
      value: 
      objectReference: {fileID: 0}
    - target: {fileID: 7034424773395742194, guid: 849ebf9928454b848ad54770f641641e, type: 3}
      propertyPath: m_Name
      value: M_DM_All_Moss.003
      objectReference: {fileID: 0}
    - target: {fileID: 7697949887576778568, guid: 849ebf9928454b848ad54770f641641e, type: 3}
      propertyPath: m_RootOrder
      value: 1
      objectReference: {fileID: 0}
    - target: {fileID: 7697949887576778568, guid: 849ebf9928454b848ad54770f641641e, type: 3}
      propertyPath: m_LocalPosition.x
      value: -0.21415329
      objectReference: {fileID: 0}
    - target: {fileID: 7697949887576778568, guid: 849ebf9928454b848ad54770f641641e, type: 3}
      propertyPath: m_LocalPosition.y
      value: 0.8713727
      objectReference: {fileID: 0}
    - target: {fileID: 7697949887576778568, guid: 849ebf9928454b848ad54770f641641e, type: 3}
      propertyPath: m_LocalPosition.z
      value: 0.5168266
      objectReference: {fileID: 0}
    - target: {fileID: 7697949887576778568, guid: 849ebf9928454b848ad54770f641641e, type: 3}
      propertyPath: m_LocalRotation.w
      value: 1
      objectReference: {fileID: 0}
    - target: {fileID: 7697949887576778568, guid: 849ebf9928454b848ad54770f641641e, type: 3}
      propertyPath: m_LocalRotation.x
      value: -0
      objectReference: {fileID: 0}
    - target: {fileID: 7697949887576778568, guid: 849ebf9928454b848ad54770f641641e, type: 3}
      propertyPath: m_LocalRotation.y
      value: -0
      objectReference: {fileID: 0}
    - target: {fileID: 7697949887576778568, guid: 849ebf9928454b848ad54770f641641e, type: 3}
      propertyPath: m_LocalRotation.z
      value: -0
      objectReference: {fileID: 0}
    - target: {fileID: 7697949887576778568, guid: 849ebf9928454b848ad54770f641641e, type: 3}
      propertyPath: m_LocalEulerAnglesHint.x
      value: 0
      objectReference: {fileID: 0}
    - target: {fileID: 7697949887576778568, guid: 849ebf9928454b848ad54770f641641e, type: 3}
      propertyPath: m_LocalEulerAnglesHint.y
      value: 0
      objectReference: {fileID: 0}
    - target: {fileID: 7697949887576778568, guid: 849ebf9928454b848ad54770f641641e, type: 3}
      propertyPath: m_LocalEulerAnglesHint.z
      value: 0
      objectReference: {fileID: 0}
    m_RemovedComponents: []
  m_SourcePrefab: {fileID: 100100000, guid: 849ebf9928454b848ad54770f641641e, type: 3}
--- !u!4 &3628254445419493611 stripped
Transform:
  m_CorrespondingSourceObject: {fileID: 7697949887576778568, guid: 849ebf9928454b848ad54770f641641e, type: 3}
  m_PrefabInstance: {fileID: 6381242862523146147}
  m_PrefabAsset: {fileID: 0}
