%YAML 1.1
%TAG !u! tag:unity3d.com,2011:
--- !u!1 &4185212113240217332
GameObject:
  m_ObjectHideFlags: 0
  m_CorrespondingSourceObject: {fileID: 0}
  m_PrefabInstance: {fileID: 0}
  m_PrefabAsset: {fileID: 0}
  serializedVersion: 6
  m_Component:
  - component: {fileID: 3557576055036841038}
  - component: {fileID: 500135987929089003}
  - component: {fileID: 2383565622466836257}
  m_Layer: 0
  m_Name: Small_Shelf_FAKE
  m_TagString: Untagged
  m_Icon: {fileID: 0}
  m_NavMeshLayer: 0
  m_StaticEditorFlags: 0
  m_IsActive: 1
--- !u!4 &3557576055036841038
Transform:
  m_ObjectHideFlags: 0
  m_CorrespondingSourceObject: {fileID: 0}
  m_PrefabInstance: {fileID: 0}
  m_PrefabAsset: {fileID: 0}
  m_GameObject: {fileID: 4185212113240217332}
  m_LocalRotation: {x: 0, y: -0, z: -0, w: 1}
  m_LocalPosition: {x: 0, y: 0, z: 0}
  m_LocalScale: {x: 1, y: 1, z: 1}
  m_Children:
  - {fileID: 6892262205254608778}
  - {fileID: 1713373333848836674}
  - {fileID: 7963186050787256535}
  - {fileID: 2923813014604192220}
  m_Father: {fileID: 0}
  m_RootOrder: 0
  m_LocalEulerAnglesHint: {x: 0, y: 0, z: 0}
--- !u!33 &500135987929089003
MeshFilter:
  m_ObjectHideFlags: 0
  m_CorrespondingSourceObject: {fileID: 0}
  m_PrefabInstance: {fileID: 0}
  m_PrefabAsset: {fileID: 0}
  m_GameObject: {fileID: 4185212113240217332}
  m_Mesh: {fileID: 782995791552179045, guid: 2a903f29b0b1e0d4e99b96039e4f12f4, type: 3}
--- !u!23 &2383565622466836257
MeshRenderer:
  m_ObjectHideFlags: 0
  m_CorrespondingSourceObject: {fileID: 0}
  m_PrefabInstance: {fileID: 0}
  m_PrefabAsset: {fileID: 0}
  m_GameObject: {fileID: 4185212113240217332}
  m_Enabled: 1
  m_CastShadows: 1
  m_ReceiveShadows: 1
  m_DynamicOccludee: 1
  m_MotionVectors: 1
  m_LightProbeUsage: 1
  m_ReflectionProbeUsage: 1
  m_RayTracingMode: 2
  m_RayTraceProcedural: 0
  m_RenderingLayerMask: 1
  m_RendererPriority: 0
  m_Materials:
  - {fileID: 2100000, guid: ba2ea1179739cd048ac5893e24f64995, type: 2}
  - {fileID: 2100000, guid: 58156e373dcb24f4a930bf22d3cae88a, type: 2}
  m_StaticBatchInfo:
    firstSubMesh: 0
    subMeshCount: 0
  m_StaticBatchRoot: {fileID: 0}
  m_ProbeAnchor: {fileID: 0}
  m_LightProbeVolumeOverride: {fileID: 0}
  m_ScaleInLightmap: 1
  m_ReceiveGI: 1
  m_PreserveUVs: 0
  m_IgnoreNormalsForChartDetection: 0
  m_ImportantGI: 0
  m_StitchLightmapSeams: 1
  m_SelectedEditorRenderState: 3
  m_MinimumChartSize: 4
  m_AutoUVMaxDistance: 0.5
  m_AutoUVMaxAngle: 89
  m_LightmapParameters: {fileID: 0}
  m_SortingLayerID: 0
  m_SortingLayer: 0
  m_SortingOrder: 0
  m_AdditionalVertexStreams: {fileID: 0}
--- !u!1001 &1990354841399128832
PrefabInstance:
  m_ObjectHideFlags: 0
  serializedVersion: 2
  m_Modification:
    m_TransformParent: {fileID: 3557576055036841038}
    m_Modifications:
    - target: {fileID: 8257204601156713534, guid: 1d96a89c8b6628a478725f416b49816a, type: 3}
      propertyPath: StartAlreadyGrown
      value: 1
      objectReference: {fileID: 0}
    - target: {fileID: 8439115318321208279, guid: 1d96a89c8b6628a478725f416b49816a, type: 3}
      propertyPath: m_RootOrder
      value: 2
      objectReference: {fileID: 0}
    - target: {fileID: 8439115318321208279, guid: 1d96a89c8b6628a478725f416b49816a, type: 3}
      propertyPath: m_LocalPosition.x
      value: -0.26526356
      objectReference: {fileID: 0}
    - target: {fileID: 8439115318321208279, guid: 1d96a89c8b6628a478725f416b49816a, type: 3}
      propertyPath: m_LocalPosition.y
      value: 0.6519928
      objectReference: {fileID: 0}
    - target: {fileID: 8439115318321208279, guid: 1d96a89c8b6628a478725f416b49816a, type: 3}
      propertyPath: m_LocalPosition.z
      value: -0.31648922
      objectReference: {fileID: 0}
    - target: {fileID: 8439115318321208279, guid: 1d96a89c8b6628a478725f416b49816a, type: 3}
      propertyPath: m_LocalRotation.w
      value: 1
      objectReference: {fileID: 0}
    - target: {fileID: 8439115318321208279, guid: 1d96a89c8b6628a478725f416b49816a, type: 3}
      propertyPath: m_LocalRotation.x
      value: -0
      objectReference: {fileID: 0}
    - target: {fileID: 8439115318321208279, guid: 1d96a89c8b6628a478725f416b49816a, type: 3}
      propertyPath: m_LocalRotation.y
      value: -0
      objectReference: {fileID: 0}
    - target: {fileID: 8439115318321208279, guid: 1d96a89c8b6628a478725f416b49816a, type: 3}
      propertyPath: m_LocalRotation.z
      value: -0
      objectReference: {fileID: 0}
    - target: {fileID: 8439115318321208279, guid: 1d96a89c8b6628a478725f416b49816a, type: 3}
      propertyPath: m_LocalEulerAnglesHint.x
      value: 0
      objectReference: {fileID: 0}
    - target: {fileID: 8439115318321208279, guid: 1d96a89c8b6628a478725f416b49816a, type: 3}
      propertyPath: m_LocalEulerAnglesHint.y
      value: 0
      objectReference: {fileID: 0}
    - target: {fileID: 8439115318321208279, guid: 1d96a89c8b6628a478725f416b49816a, type: 3}
      propertyPath: m_LocalEulerAnglesHint.z
      value: 0
      objectReference: {fileID: 0}
    - target: {fileID: 9103483522171502957, guid: 1d96a89c8b6628a478725f416b49816a, type: 3}
      propertyPath: m_Name
      value: M_DM_All_SimplePlant.003
      objectReference: {fileID: 0}
    m_RemovedComponents:
    - {fileID: 8257204601156713521, guid: 1d96a89c8b6628a478725f416b49816a, type: 3}
  m_SourcePrefab: {fileID: 100100000, guid: 1d96a89c8b6628a478725f416b49816a, type: 3}
--- !u!4 &7963186050787256535 stripped
Transform:
  m_CorrespondingSourceObject: {fileID: 8439115318321208279, guid: 1d96a89c8b6628a478725f416b49816a, type: 3}
  m_PrefabInstance: {fileID: 1990354841399128832}
  m_PrefabAsset: {fileID: 0}
--- !u!1001 &2317443412953745202
PrefabInstance:
  m_ObjectHideFlags: 0
  serializedVersion: 2
  m_Modification:
    m_TransformParent: {fileID: 3557576055036841038}
    m_Modifications:
    - target: {fileID: 3487070358970821277, guid: bfad29d7b20d3544491c464fb311bde2, type: 3}
      propertyPath: StartAlreadyGrown
      value: 1
      objectReference: {fileID: 0}
    - target: {fileID: 4030204317746236784, guid: bfad29d7b20d3544491c464fb311bde2, type: 3}
      propertyPath: m_RootOrder
      value: 1
      objectReference: {fileID: 0}
    - target: {fileID: 4030204317746236784, guid: bfad29d7b20d3544491c464fb311bde2, type: 3}
      propertyPath: m_LocalPosition.x
      value: 0.30299282
      objectReference: {fileID: 0}
    - target: {fileID: 4030204317746236784, guid: bfad29d7b20d3544491c464fb311bde2, type: 3}
      propertyPath: m_LocalPosition.y
      value: 0.6073146
      objectReference: {fileID: 0}
    - target: {fileID: 4030204317746236784, guid: bfad29d7b20d3544491c464fb311bde2, type: 3}
      propertyPath: m_LocalPosition.z
      value: -0.22392559
      objectReference: {fileID: 0}
    - target: {fileID: 4030204317746236784, guid: bfad29d7b20d3544491c464fb311bde2, type: 3}
      propertyPath: m_LocalRotation.w
      value: 1
      objectReference: {fileID: 0}
    - target: {fileID: 4030204317746236784, guid: bfad29d7b20d3544491c464fb311bde2, type: 3}
      propertyPath: m_LocalRotation.x
      value: -0
      objectReference: {fileID: 0}
    - target: {fileID: 4030204317746236784, guid: bfad29d7b20d3544491c464fb311bde2, type: 3}
      propertyPath: m_LocalRotation.y
      value: -0
      objectReference: {fileID: 0}
    - target: {fileID: 4030204317746236784, guid: bfad29d7b20d3544491c464fb311bde2, type: 3}
      propertyPath: m_LocalRotation.z
      value: -0
      objectReference: {fileID: 0}
    - target: {fileID: 4030204317746236784, guid: bfad29d7b20d3544491c464fb311bde2, type: 3}
      propertyPath: m_LocalEulerAnglesHint.x
      value: 0
      objectReference: {fileID: 0}
    - target: {fileID: 4030204317746236784, guid: bfad29d7b20d3544491c464fb311bde2, type: 3}
      propertyPath: m_LocalEulerAnglesHint.y
      value: 0
      objectReference: {fileID: 0}
    - target: {fileID: 4030204317746236784, guid: bfad29d7b20d3544491c464fb311bde2, type: 3}
      propertyPath: m_LocalEulerAnglesHint.z
      value: 0
      objectReference: {fileID: 0}
    - target: {fileID: 4370173709897619402, guid: bfad29d7b20d3544491c464fb311bde2, type: 3}
      propertyPath: m_Name
      value: M_DM_All_SimplePlant.001
      objectReference: {fileID: 0}
    m_RemovedComponents:
    - {fileID: 3487070358970821276, guid: bfad29d7b20d3544491c464fb311bde2, type: 3}
  m_SourcePrefab: {fileID: 100100000, guid: bfad29d7b20d3544491c464fb311bde2, type: 3}
--- !u!4 &1713373333848836674 stripped
Transform:
  m_CorrespondingSourceObject: {fileID: 4030204317746236784, guid: bfad29d7b20d3544491c464fb311bde2, type: 3}
  m_PrefabInstance: {fileID: 2317443412953745202}
  m_PrefabAsset: {fileID: 0}
--- !u!1001 &4316219675351486068
PrefabInstance:
  m_ObjectHideFlags: 0
  serializedVersion: 2
  m_Modification:
    m_TransformParent: {fileID: 3557576055036841038}
    m_Modifications:
    - target: {fileID: 1402082518362298280, guid: cad46a06d33fc8d4eb200e3a8560b344, type: 3}
      propertyPath: m_RootOrder
      value: 3
      objectReference: {fileID: 0}
    - target: {fileID: 1402082518362298280, guid: cad46a06d33fc8d4eb200e3a8560b344, type: 3}
      propertyPath: m_LocalScale.x
      value: 0.4
      objectReference: {fileID: 0}
    - target: {fileID: 1402082518362298280, guid: cad46a06d33fc8d4eb200e3a8560b344, type: 3}
      propertyPath: m_LocalScale.y
      value: 0.4
      objectReference: {fileID: 0}
    - target: {fileID: 1402082518362298280, guid: cad46a06d33fc8d4eb200e3a8560b344, type: 3}
      propertyPath: m_LocalScale.z
      value: 0.4
      objectReference: {fileID: 0}
    - target: {fileID: 1402082518362298280, guid: cad46a06d33fc8d4eb200e3a8560b344, type: 3}
      propertyPath: m_LocalPosition.x
      value: 0.198
      objectReference: {fileID: 0}
    - target: {fileID: 1402082518362298280, guid: cad46a06d33fc8d4eb200e3a8560b344, type: 3}
      propertyPath: m_LocalPosition.y
      value: 0.7018757
      objectReference: {fileID: 0}
    - target: {fileID: 1402082518362298280, guid: cad46a06d33fc8d4eb200e3a8560b344, type: 3}
      propertyPath: m_LocalPosition.z
      value: 0.263
      objectReference: {fileID: 0}
    - target: {fileID: 1402082518362298280, guid: cad46a06d33fc8d4eb200e3a8560b344, type: 3}
      propertyPath: m_LocalRotation.w
      value: 1
      objectReference: {fileID: 0}
    - target: {fileID: 1402082518362298280, guid: cad46a06d33fc8d4eb200e3a8560b344, type: 3}
      propertyPath: m_LocalRotation.x
      value: -0
      objectReference: {fileID: 0}
    - target: {fileID: 1402082518362298280, guid: cad46a06d33fc8d4eb200e3a8560b344, type: 3}
      propertyPath: m_LocalRotation.y
      value: -0
      objectReference: {fileID: 0}
    - target: {fileID: 1402082518362298280, guid: cad46a06d33fc8d4eb200e3a8560b344, type: 3}
      propertyPath: m_LocalRotation.z
      value: -0
      objectReference: {fileID: 0}
    - target: {fileID: 1402082518362298280, guid: cad46a06d33fc8d4eb200e3a8560b344, type: 3}
      propertyPath: m_LocalEulerAnglesHint.x
      value: 0
      objectReference: {fileID: 0}
    - target: {fileID: 1402082518362298280, guid: cad46a06d33fc8d4eb200e3a8560b344, type: 3}
      propertyPath: m_LocalEulerAnglesHint.y
      value: 0
      objectReference: {fileID: 0}
    - target: {fileID: 1402082518362298280, guid: cad46a06d33fc8d4eb200e3a8560b344, type: 3}
      propertyPath: m_LocalEulerAnglesHint.z
      value: 0
      objectReference: {fileID: 0}
    - target: {fileID: 1513081803848052829, guid: cad46a06d33fc8d4eb200e3a8560b344, type: 3}
      propertyPath: StartAlreadyGrown
      value: 1
      objectReference: {fileID: 0}
    - target: {fileID: 1747082417064463634, guid: cad46a06d33fc8d4eb200e3a8560b344, type: 3}
      propertyPath: m_Name
      value: M_DM_All_Bush.003
      objectReference: {fileID: 0}
    m_RemovedComponents:
    - {fileID: 1513081803848052830, guid: cad46a06d33fc8d4eb200e3a8560b344, type: 3}
  m_SourcePrefab: {fileID: 100100000, guid: cad46a06d33fc8d4eb200e3a8560b344, type: 3}
--- !u!4 &2923813014604192220 stripped
Transform:
  m_CorrespondingSourceObject: {fileID: 1402082518362298280, guid: cad46a06d33fc8d4eb200e3a8560b344, type: 3}
  m_PrefabInstance: {fileID: 4316219675351486068}
  m_PrefabAsset: {fileID: 0}
--- !u!1001 &6958193542198595024
PrefabInstance:
  m_ObjectHideFlags: 0
  serializedVersion: 2
  m_Modification:
    m_TransformParent: {fileID: 3557576055036841038}
    m_Modifications:
    - target: {fileID: 3782341375477379296, guid: 1e1bbe3163af06c418b6476bc0695a5d, type: 3}
      propertyPath: m_Name
      value: M_DM_All_SimplePlant.002
      objectReference: {fileID: 0}
    - target: {fileID: 4088418131622120887, guid: 1e1bbe3163af06c418b6476bc0695a5d, type: 3}
      propertyPath: StartAlreadyGrown
      value: 1
      objectReference: {fileID: 0}
    - target: {fileID: 4554902686950435418, guid: 1e1bbe3163af06c418b6476bc0695a5d, type: 3}
      propertyPath: m_RootOrder
      value: 0
      objectReference: {fileID: 0}
    - target: {fileID: 4554902686950435418, guid: 1e1bbe3163af06c418b6476bc0695a5d, type: 3}
      propertyPath: m_LocalPosition.x
      value: -0.30863428
      objectReference: {fileID: 0}
    - target: {fileID: 4554902686950435418, guid: 1e1bbe3163af06c418b6476bc0695a5d, type: 3}
      propertyPath: m_LocalPosition.y
      value: 0.6022682
      objectReference: {fileID: 0}
    - target: {fileID: 4554902686950435418, guid: 1e1bbe3163af06c418b6476bc0695a5d, type: 3}
      propertyPath: m_LocalPosition.z
      value: 0.35974693
      objectReference: {fileID: 0}
    - target: {fileID: 4554902686950435418, guid: 1e1bbe3163af06c418b6476bc0695a5d, type: 3}
      propertyPath: m_LocalRotation.w
      value: 1
      objectReference: {fileID: 0}
    - target: {fileID: 4554902686950435418, guid: 1e1bbe3163af06c418b6476bc0695a5d, type: 3}
      propertyPath: m_LocalRotation.x
      value: -0
      objectReference: {fileID: 0}
    - target: {fileID: 4554902686950435418, guid: 1e1bbe3163af06c418b6476bc0695a5d, type: 3}
      propertyPath: m_LocalRotation.y
      value: -0
      objectReference: {fileID: 0}
    - target: {fileID: 4554902686950435418, guid: 1e1bbe3163af06c418b6476bc0695a5d, type: 3}
      propertyPath: m_LocalRotation.z
      value: -0
      objectReference: {fileID: 0}
    - target: {fileID: 4554902686950435418, guid: 1e1bbe3163af06c418b6476bc0695a5d, type: 3}
      propertyPath: m_LocalEulerAnglesHint.x
      value: 0
      objectReference: {fileID: 0}
    - target: {fileID: 4554902686950435418, guid: 1e1bbe3163af06c418b6476bc0695a5d, type: 3}
      propertyPath: m_LocalEulerAnglesHint.y
      value: 0
      objectReference: {fileID: 0}
    - target: {fileID: 4554902686950435418, guid: 1e1bbe3163af06c418b6476bc0695a5d, type: 3}
      propertyPath: m_LocalEulerAnglesHint.z
      value: 0
      objectReference: {fileID: 0}
    m_RemovedComponents:
    - {fileID: 4088418131622120886, guid: 1e1bbe3163af06c418b6476bc0695a5d, type: 3}
  m_SourcePrefab: {fileID: 100100000, guid: 1e1bbe3163af06c418b6476bc0695a5d, type: 3}
--- !u!4 &6892262205254608778 stripped
Transform:
  m_CorrespondingSourceObject: {fileID: 4554902686950435418, guid: 1e1bbe3163af06c418b6476bc0695a5d, type: 3}
  m_PrefabInstance: {fileID: 6958193542198595024}
  m_PrefabAsset: {fileID: 0}
