%YAML 1.1
%TAG !u! tag:unity3d.com,2011:
--- !u!64 &8802058707766259550
MeshCollider:
  m_ObjectHideFlags: 0
  m_CorrespondingSourceObject: {fileID: 0}
  m_PrefabInstance: {fileID: 0}
  m_PrefabAsset: {fileID: 0}
  m_GameObject: {fileID: 8567632182104265229}
  m_Material: {fileID: 0}
  m_IsTrigger: 0
  m_Enabled: 1
  serializedVersion: 4
  m_Convex: 0
  m_CookingOptions: 30
  m_Mesh: {fileID: 2463436830085687714, guid: b9cb7648ff1dec9488b3deb34b62108f, type: 3}
--- !u!1 &8567632183815583742
GameObject:
  m_ObjectHideFlags: 0
  m_CorrespondingSourceObject: {fileID: 0}
  m_PrefabInstance: {fileID: 0}
  m_PrefabAsset: {fileID: 0}
  serializedVersion: 6
  m_Component:
  - component: {fileID: 9056044781380595012}
  - component: {fileID: 5332916349389202145}
  - component: {fileID: 7919197743177242155}
  - component: {fileID: 8802058706390157648}
  m_Layer: 0
  m_Name: Small_Shelf_Double
  m_TagString: Untagged
  m_Icon: {fileID: 0}
  m_NavMeshLayer: 0
  m_StaticEditorFlags: 4294967295
  m_IsActive: 1
--- !u!4 &9056044781380595012
Transform:
  m_ObjectHideFlags: 0
  m_CorrespondingSourceObject: {fileID: 0}
  m_PrefabInstance: {fileID: 0}
  m_PrefabAsset: {fileID: 0}
  m_GameObject: {fileID: 8567632183815583742}
  m_LocalRotation: {x: 0, y: 0, z: 0, w: 1}
  m_LocalPosition: {x: 0, y: 0, z: 0}
  m_LocalScale: {x: 1, y: 1, z: 1}
  m_Children:
  - {fileID: 9056044780004821175}
  - {fileID: 4776148920763254914}
  - {fileID: 7868255163380695363}
  - {fileID: 5100422748966793999}
  - {fileID: 2261479953714507329}
  - {fileID: 5703662475755956193}
  m_Father: {fileID: 0}
  m_RootOrder: 0
  m_LocalEulerAnglesHint: {x: 0, y: 0, z: 0}
--- !u!33 &5332916349389202145
MeshFilter:
  m_ObjectHideFlags: 0
  m_CorrespondingSourceObject: {fileID: 0}
  m_PrefabInstance: {fileID: 0}
  m_PrefabAsset: {fileID: 0}
  m_GameObject: {fileID: 8567632183815583742}
  m_Mesh: {fileID: 782995791552179045, guid: 2a903f29b0b1e0d4e99b96039e4f12f4, type: 3}
--- !u!23 &7919197743177242155
MeshRenderer:
  m_ObjectHideFlags: 0
  m_CorrespondingSourceObject: {fileID: 0}
  m_PrefabInstance: {fileID: 0}
  m_PrefabAsset: {fileID: 0}
  m_GameObject: {fileID: 8567632183815583742}
  m_Enabled: 1
  m_CastShadows: 1
  m_ReceiveShadows: 1
  m_DynamicOccludee: 1
  m_MotionVectors: 1
  m_LightProbeUsage: 1
  m_ReflectionProbeUsage: 1
  m_RayTracingMode: 2
  m_RayTraceProcedural: 0
  m_RenderingLayerMask: 1
  m_RendererPriority: 0
  m_Materials:
  - {fileID: 2100000, guid: ba2ea1179739cd048ac5893e24f64995, type: 2}
  - {fileID: 2100000, guid: 58156e373dcb24f4a930bf22d3cae88a, type: 2}
  m_StaticBatchInfo:
    firstSubMesh: 0
    subMeshCount: 0
  m_StaticBatchRoot: {fileID: 0}
  m_ProbeAnchor: {fileID: 0}
  m_LightProbeVolumeOverride: {fileID: 0}
  m_ScaleInLightmap: 1
  m_ReceiveGI: 1
  m_PreserveUVs: 0
  m_IgnoreNormalsForChartDetection: 0
  m_ImportantGI: 0
  m_StitchLightmapSeams: 1
  m_SelectedEditorRenderState: 3
  m_MinimumChartSize: 4
  m_AutoUVMaxDistance: 0.5
  m_AutoUVMaxAngle: 89
  m_LightmapParameters: {fileID: 0}
  m_SortingLayerID: 0
  m_SortingLayer: 0
  m_SortingOrder: 0
  m_AdditionalVertexStreams: {fileID: 0}
--- !u!64 &8802058706390157648
MeshCollider:
  m_ObjectHideFlags: 0
  m_CorrespondingSourceObject: {fileID: 0}
  m_PrefabInstance: {fileID: 0}
  m_PrefabAsset: {fileID: 0}
  m_GameObject: {fileID: 8567632183815583742}
  m_Material: {fileID: 0}
  m_IsTrigger: 0
  m_Enabled: 1
  serializedVersion: 4
  m_Convex: 0
  m_CookingOptions: 30
  m_Mesh: {fileID: 782995791552179045, guid: 2a903f29b0b1e0d4e99b96039e4f12f4, type: 3}
--- !u!1001 &3151480856197419434
PrefabInstance:
  m_ObjectHideFlags: 0
  serializedVersion: 2
  m_Modification:
    m_TransformParent: {fileID: 9056044781380595012}
    m_Modifications:
    - target: {fileID: 3809529807306670059, guid: 4caa19e15994c02419963aa77b307e8e, type: 3}
      propertyPath: m_RootOrder
      value: 4
      objectReference: {fileID: 0}
    - target: {fileID: 3809529807306670059, guid: 4caa19e15994c02419963aa77b307e8e, type: 3}
      propertyPath: m_LocalPosition.x
      value: 0.495
      objectReference: {fileID: 0}
    - target: {fileID: 3809529807306670059, guid: 4caa19e15994c02419963aa77b307e8e, type: 3}
      propertyPath: m_LocalPosition.y
      value: 0.579
      objectReference: {fileID: 0}
    - target: {fileID: 3809529807306670059, guid: 4caa19e15994c02419963aa77b307e8e, type: 3}
      propertyPath: m_LocalPosition.z
      value: -0.004
      objectReference: {fileID: 0}
    - target: {fileID: 3809529807306670059, guid: 4caa19e15994c02419963aa77b307e8e, type: 3}
      propertyPath: m_LocalRotation.w
      value: 0.95189476
      objectReference: {fileID: 0}
    - target: {fileID: 3809529807306670059, guid: 4caa19e15994c02419963aa77b307e8e, type: 3}
      propertyPath: m_LocalRotation.x
      value: -0
      objectReference: {fileID: 0}
    - target: {fileID: 3809529807306670059, guid: 4caa19e15994c02419963aa77b307e8e, type: 3}
      propertyPath: m_LocalRotation.y
      value: -0
      objectReference: {fileID: 0}
    - target: {fileID: 3809529807306670059, guid: 4caa19e15994c02419963aa77b307e8e, type: 3}
      propertyPath: m_LocalRotation.z
      value: -0.3064251
      objectReference: {fileID: 0}
    - target: {fileID: 3809529807306670059, guid: 4caa19e15994c02419963aa77b307e8e, type: 3}
      propertyPath: m_LocalEulerAnglesHint.x
      value: 0
      objectReference: {fileID: 0}
    - target: {fileID: 3809529807306670059, guid: 4caa19e15994c02419963aa77b307e8e, type: 3}
      propertyPath: m_LocalEulerAnglesHint.y
      value: 0
      objectReference: {fileID: 0}
    - target: {fileID: 3809529807306670059, guid: 4caa19e15994c02419963aa77b307e8e, type: 3}
      propertyPath: m_LocalEulerAnglesHint.z
      value: -35.688
      objectReference: {fileID: 0}
    - target: {fileID: 4581844729929852241, guid: 4caa19e15994c02419963aa77b307e8e, type: 3}
      propertyPath: m_Name
      value: M_DM_All_Moss.004
      objectReference: {fileID: 0}
    m_RemovedComponents: []
  m_SourcePrefab: {fileID: 100100000, guid: 4caa19e15994c02419963aa77b307e8e, type: 3}
--- !u!4 &2261479953714507329 stripped
Transform:
  m_CorrespondingSourceObject: {fileID: 3809529807306670059, guid: 4caa19e15994c02419963aa77b307e8e, type: 3}
  m_PrefabInstance: {fileID: 3151480856197419434}
  m_PrefabAsset: {fileID: 0}
--- !u!1001 &4082909718759444000
PrefabInstance:
  m_ObjectHideFlags: 0
  serializedVersion: 2
  m_Modification:
    m_TransformParent: {fileID: 9056044781380595012}
    m_Modifications:
    - target: {fileID: 6167891499550052195, guid: d83aee8985027194aa409240e381a49d, type: 3}
      propertyPath: m_RootOrder
      value: 2
      objectReference: {fileID: 0}
    - target: {fileID: 6167891499550052195, guid: d83aee8985027194aa409240e381a49d, type: 3}
      propertyPath: m_LocalPosition.x
      value: 0.22154617
      objectReference: {fileID: 0}
    - target: {fileID: 6167891499550052195, guid: d83aee8985027194aa409240e381a49d, type: 3}
      propertyPath: m_LocalPosition.y
      value: 1.849856
      objectReference: {fileID: 0}
    - target: {fileID: 6167891499550052195, guid: d83aee8985027194aa409240e381a49d, type: 3}
      propertyPath: m_LocalPosition.z
      value: -0.22547531
      objectReference: {fileID: 0}
    - target: {fileID: 6167891499550052195, guid: d83aee8985027194aa409240e381a49d, type: 3}
      propertyPath: m_LocalRotation.w
      value: 1
      objectReference: {fileID: 0}
    - target: {fileID: 6167891499550052195, guid: d83aee8985027194aa409240e381a49d, type: 3}
      propertyPath: m_LocalRotation.x
      value: -0
      objectReference: {fileID: 0}
    - target: {fileID: 6167891499550052195, guid: d83aee8985027194aa409240e381a49d, type: 3}
      propertyPath: m_LocalRotation.y
      value: -0
      objectReference: {fileID: 0}
    - target: {fileID: 6167891499550052195, guid: d83aee8985027194aa409240e381a49d, type: 3}
      propertyPath: m_LocalRotation.z
      value: -0
      objectReference: {fileID: 0}
    - target: {fileID: 6167891499550052195, guid: d83aee8985027194aa409240e381a49d, type: 3}
      propertyPath: m_LocalEulerAnglesHint.x
      value: 0
      objectReference: {fileID: 0}
    - target: {fileID: 6167891499550052195, guid: d83aee8985027194aa409240e381a49d, type: 3}
      propertyPath: m_LocalEulerAnglesHint.y
      value: 0
      objectReference: {fileID: 0}
    - target: {fileID: 6167891499550052195, guid: d83aee8985027194aa409240e381a49d, type: 3}
      propertyPath: m_LocalEulerAnglesHint.z
      value: 0
      objectReference: {fileID: 0}
    - target: {fileID: 6832822717493106137, guid: d83aee8985027194aa409240e381a49d, type: 3}
      propertyPath: m_Name
      value: M_SM_All_Carott.001
      objectReference: {fileID: 0}
    m_RemovedComponents: []
  m_SourcePrefab: {fileID: 100100000, guid: d83aee8985027194aa409240e381a49d, type: 3}
--- !u!4 &7868255163380695363 stripped
Transform:
  m_CorrespondingSourceObject: {fileID: 6167891499550052195, guid: d83aee8985027194aa409240e381a49d, type: 3}
  m_PrefabInstance: {fileID: 4082909718759444000}
  m_PrefabAsset: {fileID: 0}
--- !u!1001 &6074473541231541519
PrefabInstance:
  m_ObjectHideFlags: 0
  serializedVersion: 2
  m_Modification:
    m_TransformParent: {fileID: 9056044781380595012}
    m_Modifications:
    - target: {fileID: 1586559695595304333, guid: 559ad03bdc3766c40b00582f434f635a, type: 3}
      propertyPath: m_RootOrder
      value: 1
      objectReference: {fileID: 0}
    - target: {fileID: 1586559695595304333, guid: 559ad03bdc3766c40b00582f434f635a, type: 3}
      propertyPath: m_LocalPosition.x
      value: 0.071769714
      objectReference: {fileID: 0}
    - target: {fileID: 1586559695595304333, guid: 559ad03bdc3766c40b00582f434f635a, type: 3}
      propertyPath: m_LocalPosition.y
      value: 0.6098223
      objectReference: {fileID: 0}
    - target: {fileID: 1586559695595304333, guid: 559ad03bdc3766c40b00582f434f635a, type: 3}
      propertyPath: m_LocalPosition.z
      value: -0.2370243
      objectReference: {fileID: 0}
    - target: {fileID: 1586559695595304333, guid: 559ad03bdc3766c40b00582f434f635a, type: 3}
      propertyPath: m_LocalRotation.w
      value: 1
      objectReference: {fileID: 0}
    - target: {fileID: 1586559695595304333, guid: 559ad03bdc3766c40b00582f434f635a, type: 3}
      propertyPath: m_LocalRotation.x
      value: -0
      objectReference: {fileID: 0}
    - target: {fileID: 1586559695595304333, guid: 559ad03bdc3766c40b00582f434f635a, type: 3}
      propertyPath: m_LocalRotation.y
      value: -0
      objectReference: {fileID: 0}
    - target: {fileID: 1586559695595304333, guid: 559ad03bdc3766c40b00582f434f635a, type: 3}
      propertyPath: m_LocalRotation.z
      value: -0
      objectReference: {fileID: 0}
    - target: {fileID: 1586559695595304333, guid: 559ad03bdc3766c40b00582f434f635a, type: 3}
      propertyPath: m_LocalEulerAnglesHint.x
      value: 0
      objectReference: {fileID: 0}
    - target: {fileID: 1586559695595304333, guid: 559ad03bdc3766c40b00582f434f635a, type: 3}
      propertyPath: m_LocalEulerAnglesHint.y
      value: 0
      objectReference: {fileID: 0}
    - target: {fileID: 1586559695595304333, guid: 559ad03bdc3766c40b00582f434f635a, type: 3}
      propertyPath: m_LocalEulerAnglesHint.z
      value: 0
      objectReference: {fileID: 0}
    - target: {fileID: 2111984882230538039, guid: 559ad03bdc3766c40b00582f434f635a, type: 3}
      propertyPath: m_Name
      value: M_SM_All_Carott.002
      objectReference: {fileID: 0}
    m_RemovedComponents: []
  m_SourcePrefab: {fileID: 100100000, guid: 559ad03bdc3766c40b00582f434f635a, type: 3}
--- !u!4 &4776148920763254914 stripped
Transform:
  m_CorrespondingSourceObject: {fileID: 1586559695595304333, guid: 559ad03bdc3766c40b00582f434f635a, type: 3}
  m_PrefabInstance: {fileID: 6074473541231541519}
  m_PrefabAsset: {fileID: 0}
--- !u!1001 &8635871447019655627
PrefabInstance:
  m_ObjectHideFlags: 0
  serializedVersion: 2
  m_Modification:
    m_TransformParent: {fileID: 9056044781380595012}
    m_Modifications:
    - target: {fileID: 3725722855222242448, guid: 9ebfbf8d52ca014439462213a273d8f7, type: 3}
      propertyPath: m_Name
      value: M_DM_All_Bush.002 (1)
      objectReference: {fileID: 0}
    - target: {fileID: 4107209875508114986, guid: 9ebfbf8d52ca014439462213a273d8f7, type: 3}
      propertyPath: m_RootOrder
      value: 5
      objectReference: {fileID: 0}
    - target: {fileID: 4107209875508114986, guid: 9ebfbf8d52ca014439462213a273d8f7, type: 3}
      propertyPath: m_LocalPosition.x
      value: -0.07577133
      objectReference: {fileID: 0}
    - target: {fileID: 4107209875508114986, guid: 9ebfbf8d52ca014439462213a273d8f7, type: 3}
      propertyPath: m_LocalPosition.y
      value: 0.57590497
      objectReference: {fileID: 0}
    - target: {fileID: 4107209875508114986, guid: 9ebfbf8d52ca014439462213a273d8f7, type: 3}
      propertyPath: m_LocalPosition.z
      value: 0.30307007
      objectReference: {fileID: 0}
    - target: {fileID: 4107209875508114986, guid: 9ebfbf8d52ca014439462213a273d8f7, type: 3}
      propertyPath: m_LocalRotation.w
      value: 0.9597624
      objectReference: {fileID: 0}
    - target: {fileID: 4107209875508114986, guid: 9ebfbf8d52ca014439462213a273d8f7, type: 3}
      propertyPath: m_LocalRotation.x
      value: 0.2808134
      objectReference: {fileID: 0}
    - target: {fileID: 4107209875508114986, guid: 9ebfbf8d52ca014439462213a273d8f7, type: 3}
      propertyPath: m_LocalRotation.y
      value: -0
      objectReference: {fileID: 0}
    - target: {fileID: 4107209875508114986, guid: 9ebfbf8d52ca014439462213a273d8f7, type: 3}
      propertyPath: m_LocalRotation.z
      value: -0
      objectReference: {fileID: 0}
    - target: {fileID: 4107209875508114986, guid: 9ebfbf8d52ca014439462213a273d8f7, type: 3}
      propertyPath: m_LocalEulerAnglesHint.x
      value: 32.618
      objectReference: {fileID: 0}
    - target: {fileID: 4107209875508114986, guid: 9ebfbf8d52ca014439462213a273d8f7, type: 3}
      propertyPath: m_LocalEulerAnglesHint.y
      value: 0
      objectReference: {fileID: 0}
    - target: {fileID: 4107209875508114986, guid: 9ebfbf8d52ca014439462213a273d8f7, type: 3}
      propertyPath: m_LocalEulerAnglesHint.z
      value: 0
      objectReference: {fileID: 0}
    m_RemovedComponents: []
  m_SourcePrefab: {fileID: 100100000, guid: 9ebfbf8d52ca014439462213a273d8f7, type: 3}
--- !u!4 &5703662475755956193 stripped
Transform:
  m_CorrespondingSourceObject: {fileID: 4107209875508114986, guid: 9ebfbf8d52ca014439462213a273d8f7, type: 3}
  m_PrefabInstance: {fileID: 8635871447019655627}
  m_PrefabAsset: {fileID: 0}
--- !u!1001 &8802058707766259548
PrefabInstance:
  m_ObjectHideFlags: 0
  serializedVersion: 2
  m_Modification:
    m_TransformParent: {fileID: 9056044781380595012}
    m_Modifications:
    - target: {fileID: -8679921383154817045, guid: b9cb7648ff1dec9488b3deb34b62108f, type: 3}
      propertyPath: m_RootOrder
      value: 0
      objectReference: {fileID: 0}
    - target: {fileID: -8679921383154817045, guid: b9cb7648ff1dec9488b3deb34b62108f, type: 3}
      propertyPath: m_LocalPosition.x
      value: -0.002811432
      objectReference: {fileID: 0}
    - target: {fileID: -8679921383154817045, guid: b9cb7648ff1dec9488b3deb34b62108f, type: 3}
      propertyPath: m_LocalPosition.y
      value: 0
      objectReference: {fileID: 0}
    - target: {fileID: -8679921383154817045, guid: b9cb7648ff1dec9488b3deb34b62108f, type: 3}
      propertyPath: m_LocalPosition.z
      value: -0.042387724
      objectReference: {fileID: 0}
    - target: {fileID: -8679921383154817045, guid: b9cb7648ff1dec9488b3deb34b62108f, type: 3}
      propertyPath: m_LocalRotation.w
      value: 1
      objectReference: {fileID: 0}
    - target: {fileID: -8679921383154817045, guid: b9cb7648ff1dec9488b3deb34b62108f, type: 3}
      propertyPath: m_LocalRotation.x
      value: -0
      objectReference: {fileID: 0}
    - target: {fileID: -8679921383154817045, guid: b9cb7648ff1dec9488b3deb34b62108f, type: 3}
      propertyPath: m_LocalRotation.y
      value: -0
      objectReference: {fileID: 0}
    - target: {fileID: -8679921383154817045, guid: b9cb7648ff1dec9488b3deb34b62108f, type: 3}
      propertyPath: m_LocalRotation.z
      value: -0
      objectReference: {fileID: 0}
    - target: {fileID: -8679921383154817045, guid: b9cb7648ff1dec9488b3deb34b62108f, type: 3}
      propertyPath: m_LocalEulerAnglesHint.x
      value: 0
      objectReference: {fileID: 0}
    - target: {fileID: -8679921383154817045, guid: b9cb7648ff1dec9488b3deb34b62108f, type: 3}
      propertyPath: m_LocalEulerAnglesHint.y
      value: 0
      objectReference: {fileID: 0}
    - target: {fileID: -8679921383154817045, guid: b9cb7648ff1dec9488b3deb34b62108f, type: 3}
      propertyPath: m_LocalEulerAnglesHint.z
      value: 0
      objectReference: {fileID: 0}
    - target: {fileID: -7511558181221131132, guid: b9cb7648ff1dec9488b3deb34b62108f, type: 3}
      propertyPath: m_Materials.Array.data[0]
      value: 
      objectReference: {fileID: 2100000, guid: ba2ea1179739cd048ac5893e24f64995, type: 2}
    - target: {fileID: -7511558181221131132, guid: b9cb7648ff1dec9488b3deb34b62108f, type: 3}
      propertyPath: m_Materials.Array.data[1]
      value: 
      objectReference: {fileID: 2100000, guid: 58156e373dcb24f4a930bf22d3cae88a, type: 2}
    - target: {fileID: 919132149155446097, guid: b9cb7648ff1dec9488b3deb34b62108f, type: 3}
      propertyPath: m_Name
      value: M_DM_ALL_Burnable_Shelf_up.001
      objectReference: {fileID: 0}
    - target: {fileID: 919132149155446097, guid: b9cb7648ff1dec9488b3deb34b62108f, type: 3}
      propertyPath: m_StaticEditorFlags
      value: 4294967295
      objectReference: {fileID: 0}
    m_RemovedComponents: []
  m_SourcePrefab: {fileID: 100100000, guid: b9cb7648ff1dec9488b3deb34b62108f, type: 3}
--- !u!1 &8567632182104265229 stripped
GameObject:
  m_CorrespondingSourceObject: {fileID: 919132149155446097, guid: b9cb7648ff1dec9488b3deb34b62108f, type: 3}
  m_PrefabInstance: {fileID: 8802058707766259548}
  m_PrefabAsset: {fileID: 0}
--- !u!4 &9056044780004821175 stripped
Transform:
  m_CorrespondingSourceObject: {fileID: -8679921383154817045, guid: b9cb7648ff1dec9488b3deb34b62108f, type: 3}
  m_PrefabInstance: {fileID: 8802058707766259548}
  m_PrefabAsset: {fileID: 0}
--- !u!1001 &9094996260621878565
PrefabInstance:
  m_ObjectHideFlags: 0
  serializedVersion: 2
  m_Modification:
    m_TransformParent: {fileID: 9056044781380595012}
    m_Modifications:
    - target: {fileID: 3725722855222242448, guid: 9ebfbf8d52ca014439462213a273d8f7, type: 3}
      propertyPath: m_Name
      value: M_DM_All_Bush.002
      objectReference: {fileID: 0}
    - target: {fileID: 4107209875508114986, guid: 9ebfbf8d52ca014439462213a273d8f7, type: 3}
      propertyPath: m_RootOrder
      value: 3
      objectReference: {fileID: 0}
    - target: {fileID: 4107209875508114986, guid: 9ebfbf8d52ca014439462213a273d8f7, type: 3}
      propertyPath: m_LocalPosition.x
      value: -0.2915249
      objectReference: {fileID: 0}
    - target: {fileID: 4107209875508114986, guid: 9ebfbf8d52ca014439462213a273d8f7, type: 3}
      propertyPath: m_LocalPosition.y
      value: 1.8263104
      objectReference: {fileID: 0}
    - target: {fileID: 4107209875508114986, guid: 9ebfbf8d52ca014439462213a273d8f7, type: 3}
      propertyPath: m_LocalPosition.z
      value: 0.29476547
      objectReference: {fileID: 0}
    - target: {fileID: 4107209875508114986, guid: 9ebfbf8d52ca014439462213a273d8f7, type: 3}
      propertyPath: m_LocalRotation.w
      value: 0.9873612
      objectReference: {fileID: 0}
    - target: {fileID: 4107209875508114986, guid: 9ebfbf8d52ca014439462213a273d8f7, type: 3}
      propertyPath: m_LocalRotation.x
      value: -0
      objectReference: {fileID: 0}
    - target: {fileID: 4107209875508114986, guid: 9ebfbf8d52ca014439462213a273d8f7, type: 3}
      propertyPath: m_LocalRotation.y
      value: -0
      objectReference: {fileID: 0}
    - target: {fileID: 4107209875508114986, guid: 9ebfbf8d52ca014439462213a273d8f7, type: 3}
      propertyPath: m_LocalRotation.z
      value: 0.15848643
      objectReference: {fileID: 0}
    - target: {fileID: 4107209875508114986, guid: 9ebfbf8d52ca014439462213a273d8f7, type: 3}
      propertyPath: m_LocalEulerAnglesHint.x
      value: 0
      objectReference: {fileID: 0}
    - target: {fileID: 4107209875508114986, guid: 9ebfbf8d52ca014439462213a273d8f7, type: 3}
      propertyPath: m_LocalEulerAnglesHint.y
      value: 0
      objectReference: {fileID: 0}
    - target: {fileID: 4107209875508114986, guid: 9ebfbf8d52ca014439462213a273d8f7, type: 3}
      propertyPath: m_LocalEulerAnglesHint.z
      value: 18.238
      objectReference: {fileID: 0}
    m_RemovedComponents: []
  m_SourcePrefab: {fileID: 100100000, guid: 9ebfbf8d52ca014439462213a273d8f7, type: 3}
--- !u!4 &5100422748966793999 stripped
Transform:
  m_CorrespondingSourceObject: {fileID: 4107209875508114986, guid: 9ebfbf8d52ca014439462213a273d8f7, type: 3}
  m_PrefabInstance: {fileID: 9094996260621878565}
  m_PrefabAsset: {fileID: 0}
