%YAML 1.1
%TAG !u! tag:unity3d.com,2011:
--- !u!1 &5638123190511240421
GameObject:
  m_ObjectHideFlags: 0
  m_CorrespondingSourceObject: {fileID: 0}
  m_PrefabInstance: {fileID: 0}
  m_PrefabAsset: {fileID: 0}
  serializedVersion: 6
  m_Component:
  - component: {fileID: 5488800661613202068}
  - component: {fileID: 6160514757125163630}
  - component: {fileID: 1073732327595340926}
  m_Layer: 0
  m_Name: Fire
  m_TagString: Untagged
  m_Icon: {fileID: 0}
  m_NavMeshLayer: 0
  m_StaticEditorFlags: 0
  m_IsActive: 1
--- !u!4 &5488800661613202068
Transform:
  m_ObjectHideFlags: 0
  m_CorrespondingSourceObject: {fileID: 0}
  m_PrefabInstance: {fileID: 0}
  m_PrefabAsset: {fileID: 0}
  m_GameObject: {fileID: 5638123190511240421}
  m_LocalRotation: {x: 0, y: 0, z: 0, w: 1}
  m_LocalPosition: {x: 0, y: 0, z: 0}
  m_LocalScale: {x: 1, y: 1, z: 1}
  m_Children: []
  m_Father: {fileID: 6382960127383011053}
  m_RootOrder: 0
  m_LocalEulerAnglesHint: {x: 0, y: 0, z: 0}
--- !u!2083052967 &6160514757125163630
VisualEffect:
  m_ObjectHideFlags: 0
  m_CorrespondingSourceObject: {fileID: 0}
  m_PrefabInstance: {fileID: 0}
  m_PrefabAsset: {fileID: 0}
  m_GameObject: {fileID: 5638123190511240421}
  m_Enabled: 1
  m_Asset: {fileID: 8926484042661614526, guid: 6e3e2fc1c1062b4479c250d1fb102220, type: 3}
  m_InitialEventName: 
  m_InitialEventNameOverriden: 1
  m_StartSeed: 0
  m_ResetSeedOnPlay: 1
  m_ResourceVersion: 1
  m_PropertySheet:
    m_Float:
      m_Array: []
    m_Vector2f:
      m_Array: []
    m_Vector3f:
      m_Array: []
    m_Vector4f:
      m_Array: []
    m_Uint:
      m_Array: []
    m_Int:
      m_Array: []
    m_Matrix4x4f:
      m_Array: []
    m_AnimationCurve:
      m_Array: []
    m_Gradient:
      m_Array: []
    m_NamedObject:
      m_Array: []
    m_Bool:
      m_Array: []
--- !u!73398921 &1073732327595340926
VFXRenderer:
  m_ObjectHideFlags: 0
  m_CorrespondingSourceObject: {fileID: 0}
  m_PrefabInstance: {fileID: 0}
  m_PrefabAsset: {fileID: 0}
  m_GameObject: {fileID: 5638123190511240421}
  m_Enabled: 1
  m_CastShadows: 0
  m_ReceiveShadows: 0
  m_DynamicOccludee: 1
  m_MotionVectors: 0
  m_LightProbeUsage: 0
  m_ReflectionProbeUsage: 0
  m_RayTracingMode: 0
  m_RayTraceProcedural: 0
  m_RenderingLayerMask: 1
  m_RendererPriority: 0
  m_Materials:
  - {fileID: 0}
  - {fileID: 0}
  - {fileID: 0}
  m_StaticBatchInfo:
    firstSubMesh: 0
    subMeshCount: 0
  m_StaticBatchRoot: {fileID: 0}
  m_ProbeAnchor: {fileID: 0}
  m_LightProbeVolumeOverride: {fileID: 0}
  m_ScaleInLightmap: 1
  m_ReceiveGI: 1
  m_PreserveUVs: 0
  m_IgnoreNormalsForChartDetection: 0
  m_ImportantGI: 0
  m_StitchLightmapSeams: 1
  m_SelectedEditorRenderState: 3
  m_MinimumChartSize: 4
  m_AutoUVMaxDistance: 0.5
  m_AutoUVMaxAngle: 89
  m_LightmapParameters: {fileID: 0}
  m_SortingLayerID: 0
  m_SortingLayer: 0
  m_SortingOrder: 0
--- !u!1 &5994154180646408009
GameObject:
  m_ObjectHideFlags: 0
  m_CorrespondingSourceObject: {fileID: 0}
  m_PrefabInstance: {fileID: 0}
  m_PrefabAsset: {fileID: 0}
  serializedVersion: 6
  m_Component:
  - component: {fileID: 3587662012694913620}
  - component: {fileID: 1102398351895619474}
  - component: {fileID: 3133695982863617437}
  m_Layer: 0
  m_Name: BurningLeaf
  m_TagString: Untagged
  m_Icon: {fileID: 0}
  m_NavMeshLayer: 0
  m_StaticEditorFlags: 0
  m_IsActive: 1
--- !u!4 &3587662012694913620
Transform:
  m_ObjectHideFlags: 0
  m_CorrespondingSourceObject: {fileID: 0}
  m_PrefabInstance: {fileID: 0}
  m_PrefabAsset: {fileID: 0}
  m_GameObject: {fileID: 5994154180646408009}
  m_LocalRotation: {x: 0, y: 0, z: 0, w: 1}
  m_LocalPosition: {x: 0, y: 0, z: 0}
  m_LocalScale: {x: 1, y: 1, z: 1}
  m_Children: []
  m_Father: {fileID: 6382960127383011053}
  m_RootOrder: 1
  m_LocalEulerAnglesHint: {x: 0, y: 0, z: 0}
--- !u!2083052967 &1102398351895619474
VisualEffect:
  m_ObjectHideFlags: 0
  m_CorrespondingSourceObject: {fileID: 0}
  m_PrefabInstance: {fileID: 0}
  m_PrefabAsset: {fileID: 0}
  m_GameObject: {fileID: 5994154180646408009}
  m_Enabled: 1
  m_Asset: {fileID: 8926484042661614526, guid: 6102943c3631b6d4cb7c6a456dae1986, type: 3}
  m_InitialEventName: 
  m_InitialEventNameOverriden: 1
  m_StartSeed: 0
  m_ResetSeedOnPlay: 1
  m_ResourceVersion: 1
  m_PropertySheet:
    m_Float:
      m_Array: []
    m_Vector2f:
      m_Array: []
    m_Vector3f:
      m_Array: []
    m_Vector4f:
      m_Array: []
    m_Uint:
      m_Array: []
    m_Int:
      m_Array: []
    m_Matrix4x4f:
      m_Array: []
    m_AnimationCurve:
      m_Array: []
    m_Gradient:
      m_Array: []
    m_NamedObject:
      m_Array: []
    m_Bool:
      m_Array: []
--- !u!73398921 &3133695982863617437
VFXRenderer:
  m_ObjectHideFlags: 0
  m_CorrespondingSourceObject: {fileID: 0}
  m_PrefabInstance: {fileID: 0}
  m_PrefabAsset: {fileID: 0}
  m_GameObject: {fileID: 5994154180646408009}
  m_Enabled: 1
  m_CastShadows: 0
  m_ReceiveShadows: 0
  m_DynamicOccludee: 1
  m_MotionVectors: 0
  m_LightProbeUsage: 0
  m_ReflectionProbeUsage: 0
  m_RayTracingMode: 0
  m_RayTraceProcedural: 0
  m_RenderingLayerMask: 1
  m_RendererPriority: 0
  m_Materials:
  - {fileID: 0}
  - {fileID: 0}
  m_StaticBatchInfo:
    firstSubMesh: 0
    subMeshCount: 0
  m_StaticBatchRoot: {fileID: 0}
  m_ProbeAnchor: {fileID: 0}
  m_LightProbeVolumeOverride: {fileID: 0}
  m_ScaleInLightmap: 1
  m_ReceiveGI: 1
  m_PreserveUVs: 0
  m_IgnoreNormalsForChartDetection: 0
  m_ImportantGI: 0
  m_StitchLightmapSeams: 1
  m_SelectedEditorRenderState: 3
  m_MinimumChartSize: 4
  m_AutoUVMaxDistance: 0.5
  m_AutoUVMaxAngle: 89
  m_LightmapParameters: {fileID: 0}
  m_SortingLayerID: 0
  m_SortingLayer: 0
  m_SortingOrder: 0
--- !u!1 &6043554475461125207
GameObject:
  m_ObjectHideFlags: 0
  m_CorrespondingSourceObject: {fileID: 0}
  m_PrefabInstance: {fileID: 0}
  m_PrefabAsset: {fileID: 0}
  serializedVersion: 6
  m_Component:
  - component: {fileID: 6382960127383011053}
  - component: {fileID: 8015017552514806088}
  - component: {fileID: 5251189152383927682}
  - component: {fileID: 5843145920834635491}
  - component: {fileID: -396012362966436242}
  - component: {fileID: 1646767725162134291}
  m_Layer: 0
  m_Name: Small_Shelf_Close_Fruit
  m_TagString: Untagged
  m_Icon: {fileID: 0}
  m_NavMeshLayer: 0
  m_StaticEditorFlags: 0
  m_IsActive: 1
--- !u!4 &6382960127383011053
Transform:
  m_ObjectHideFlags: 0
  m_CorrespondingSourceObject: {fileID: 0}
  m_PrefabInstance: {fileID: 0}
  m_PrefabAsset: {fileID: 0}
  m_GameObject: {fileID: 6043554475461125207}
  m_LocalRotation: {x: 0, y: -0, z: -0, w: 1}
  m_LocalPosition: {x: 16.37127, y: 0.020694733, z: 12.071489}
  m_LocalScale: {x: 1, y: 1, z: 1}
  m_Children:
  - {fileID: 5488800661613202068}
  - {fileID: 3587662012694913620}
  - {fileID: 7242628952596917787}
  - {fileID: 6795332852251931723}
  - {fileID: 6664461888424215505}
  - {fileID: 6687769665646094297}
  - {fileID: 2106184326009260021}
  - {fileID: 1116823074853059672}
  - {fileID: 3808115691949387923}
  - {fileID: 5367265108441288237}
  - {fileID: 7182467574523989580}
  - {fileID: 6717124012578328262}
  - {fileID: 5889155163266292163}
  m_Father: {fileID: 0}
  m_RootOrder: 0
  m_LocalEulerAnglesHint: {x: 0, y: 0, z: 0}
--- !u!33 &8015017552514806088
MeshFilter:
  m_ObjectHideFlags: 0
  m_CorrespondingSourceObject: {fileID: 0}
  m_PrefabInstance: {fileID: 0}
  m_PrefabAsset: {fileID: 0}
  m_GameObject: {fileID: 6043554475461125207}
  m_Mesh: {fileID: -8837616120035263043, guid: 794517621cb4eb046983ace59fc4bc75, type: 3}
--- !u!23 &5251189152383927682
MeshRenderer:
  m_ObjectHideFlags: 0
  m_CorrespondingSourceObject: {fileID: 0}
  m_PrefabInstance: {fileID: 0}
  m_PrefabAsset: {fileID: 0}
  m_GameObject: {fileID: 6043554475461125207}
  m_Enabled: 1
  m_CastShadows: 1
  m_ReceiveShadows: 1
  m_DynamicOccludee: 1
  m_MotionVectors: 1
  m_LightProbeUsage: 1
  m_ReflectionProbeUsage: 1
  m_RayTracingMode: 2
  m_RayTraceProcedural: 0
  m_RenderingLayerMask: 1
  m_RendererPriority: 0
  m_Materials:
  - {fileID: 2100000, guid: 0ce366c3a5b3fca43bba08d04d543c22, type: 2}
  m_StaticBatchInfo:
    firstSubMesh: 0
    subMeshCount: 0
  m_StaticBatchRoot: {fileID: 0}
  m_ProbeAnchor: {fileID: 0}
  m_LightProbeVolumeOverride: {fileID: 0}
  m_ScaleInLightmap: 1
  m_ReceiveGI: 1
  m_PreserveUVs: 0
  m_IgnoreNormalsForChartDetection: 0
  m_ImportantGI: 0
  m_StitchLightmapSeams: 1
  m_SelectedEditorRenderState: 3
  m_MinimumChartSize: 4
  m_AutoUVMaxDistance: 0.5
  m_AutoUVMaxAngle: 89
  m_LightmapParameters: {fileID: 0}
  m_SortingLayerID: 0
  m_SortingLayer: 0
  m_SortingOrder: 0
  m_AdditionalVertexStreams: {fileID: 0}
--- !u!65 &5843145920834635491
BoxCollider:
  m_ObjectHideFlags: 0
  m_CorrespondingSourceObject: {fileID: 0}
  m_PrefabInstance: {fileID: 0}
  m_PrefabAsset: {fileID: 0}
  m_GameObject: {fileID: 6043554475461125207}
  m_Material: {fileID: 0}
  m_IsTrigger: 0
  m_Enabled: 1
  serializedVersion: 2
  m_Size: {x: 1.2096, y: 0.7156437, z: 1.1388286}
  m_Center: {x: 0.000000029802322, y: 0.35969773, z: 0}
--- !u!114 &-396012362966436242
MonoBehaviour:
  m_ObjectHideFlags: 0
  m_CorrespondingSourceObject: {fileID: 0}
  m_PrefabInstance: {fileID: 0}
  m_PrefabAsset: {fileID: 0}
  m_GameObject: {fileID: 6043554475461125207}
  m_Enabled: 1
  m_EditorHideFlags: 0
  m_Script: {fileID: 11500000, guid: 0eb6c39654ca85649b1bb21d8e185a46, type: 3}
  m_Name: 
  m_EditorClassIdentifier: 
  MaxDurability: 0.75
  ImpactSound:
    idInternal: 0
    valueGuidInternal: 
    WwiseObjectReference: {fileID: 11400000, guid: d9f4648fba8a41e4da9e6425c3c6ee08, type: 2}
  CollisionSound:
    idInternal: 0
    valueGuidInternal: 
    WwiseObjectReference: {fileID: 11400000, guid: daecd4bddae0b1941bce88371230ee9a, type: 2}
  DestructionSound:
    idInternal: 0
    valueGuidInternal: 
    WwiseObjectReference: {fileID: 11400000, guid: f215d5c240844004e87684ce195c0942, type: 2}
  FireVfx: {fileID: 6160514757125163630}
  DestructionVfx: {fileID: 1102398351895619474}
  ExposureMaxDistance: 2
  FlammableTime: 5.5
  ExposureAmmount: 2
  IsOnFire: 0
  AddRBToChildren: 1
  enableChildrenCollider: 0
  MassChildren: 1
  FireSound:
    idInternal: 0
    valueGuidInternal: 
    WwiseObjectReference: {fileID: 11400000, guid: 8d73a21d2e8aa41459a6b39c00bd38e3, type: 2}
--- !u!54 &1646767725162134291
Rigidbody:
  m_ObjectHideFlags: 0
  m_CorrespondingSourceObject: {fileID: 0}
  m_PrefabInstance: {fileID: 0}
  m_PrefabAsset: {fileID: 0}
  m_GameObject: {fileID: 6043554475461125207}
  serializedVersion: 2
  m_Mass: 1
  m_Drag: 0
  m_AngularDrag: 0.05
  m_UseGravity: 1
  m_IsKinematic: 0
  m_Interpolate: 0
  m_Constraints: 80
  m_CollisionDetection: 0
--- !u!1001 &1985712175238238373
PrefabInstance:
  m_ObjectHideFlags: 0
  serializedVersion: 2
  m_Modification:
    m_TransformParent: {fileID: 6382960127383011053}
    m_Modifications:
    - target: {fileID: 9154786816908459705, guid: 5883f24f41de67047b92bc6a05967538, type: 3}
      propertyPath: m_Name
      value: M_DM_All_Tuto_Fruit
      objectReference: {fileID: 0}
    - target: {fileID: 9154786816908459710, guid: 5883f24f41de67047b92bc6a05967538, type: 3}
      propertyPath: m_RootOrder
      value: 2
      objectReference: {fileID: 0}
    - target: {fileID: 9154786816908459710, guid: 5883f24f41de67047b92bc6a05967538, type: 3}
      propertyPath: m_LocalScale.x
      value: 0.25
      objectReference: {fileID: 0}
    - target: {fileID: 9154786816908459710, guid: 5883f24f41de67047b92bc6a05967538, type: 3}
      propertyPath: m_LocalScale.y
      value: 0.25
      objectReference: {fileID: 0}
    - target: {fileID: 9154786816908459710, guid: 5883f24f41de67047b92bc6a05967538, type: 3}
      propertyPath: m_LocalScale.z
      value: 0.25
      objectReference: {fileID: 0}
    - target: {fileID: 9154786816908459710, guid: 5883f24f41de67047b92bc6a05967538, type: 3}
      propertyPath: m_LocalPosition.x
      value: 0.276
      objectReference: {fileID: 0}
    - target: {fileID: 9154786816908459710, guid: 5883f24f41de67047b92bc6a05967538, type: 3}
      propertyPath: m_LocalPosition.y
      value: 0.155
      objectReference: {fileID: 0}
    - target: {fileID: 9154786816908459710, guid: 5883f24f41de67047b92bc6a05967538, type: 3}
      propertyPath: m_LocalPosition.z
      value: -0.804
      objectReference: {fileID: 0}
    - target: {fileID: 9154786816908459710, guid: 5883f24f41de67047b92bc6a05967538, type: 3}
      propertyPath: m_LocalRotation.w
      value: 1
      objectReference: {fileID: 0}
    - target: {fileID: 9154786816908459710, guid: 5883f24f41de67047b92bc6a05967538, type: 3}
      propertyPath: m_LocalRotation.x
      value: 0
      objectReference: {fileID: 0}
    - target: {fileID: 9154786816908459710, guid: 5883f24f41de67047b92bc6a05967538, type: 3}
      propertyPath: m_LocalRotation.y
      value: 0
      objectReference: {fileID: 0}
    - target: {fileID: 9154786816908459710, guid: 5883f24f41de67047b92bc6a05967538, type: 3}
      propertyPath: m_LocalRotation.z
      value: 0
      objectReference: {fileID: 0}
    - target: {fileID: 9154786816908459710, guid: 5883f24f41de67047b92bc6a05967538, type: 3}
      propertyPath: m_LocalEulerAnglesHint.x
      value: 0
      objectReference: {fileID: 0}
    - target: {fileID: 9154786816908459710, guid: 5883f24f41de67047b92bc6a05967538, type: 3}
      propertyPath: m_LocalEulerAnglesHint.y
      value: 0
      objectReference: {fileID: 0}
    - target: {fileID: 9154786816908459710, guid: 5883f24f41de67047b92bc6a05967538, type: 3}
      propertyPath: m_LocalEulerAnglesHint.z
      value: 0
      objectReference: {fileID: 0}
    m_RemovedComponents: []
  m_SourcePrefab: {fileID: 100100000, guid: 5883f24f41de67047b92bc6a05967538, type: 3}
--- !u!4 &7242628952596917787 stripped
Transform:
  m_CorrespondingSourceObject: {fileID: 9154786816908459710, guid: 5883f24f41de67047b92bc6a05967538, type: 3}
  m_PrefabInstance: {fileID: 1985712175238238373}
  m_PrefabAsset: {fileID: 0}
--- !u!1001 &2062954497545761010
PrefabInstance:
  m_ObjectHideFlags: 0
  serializedVersion: 2
  m_Modification:
    m_TransformParent: {fileID: 6382960127383011053}
    m_Modifications:
    - target: {fileID: 9154786816908459705, guid: 5883f24f41de67047b92bc6a05967538, type: 3}
      propertyPath: m_Name
      value: M_DM_All_Tuto_Fruit (8)
      objectReference: {fileID: 0}
    - target: {fileID: 9154786816908459710, guid: 5883f24f41de67047b92bc6a05967538, type: 3}
      propertyPath: m_RootOrder
      value: 10
      objectReference: {fileID: 0}
    - target: {fileID: 9154786816908459710, guid: 5883f24f41de67047b92bc6a05967538, type: 3}
      propertyPath: m_LocalScale.x
      value: 0.25
      objectReference: {fileID: 0}
    - target: {fileID: 9154786816908459710, guid: 5883f24f41de67047b92bc6a05967538, type: 3}
      propertyPath: m_LocalScale.y
      value: 0.25
      objectReference: {fileID: 0}
    - target: {fileID: 9154786816908459710, guid: 5883f24f41de67047b92bc6a05967538, type: 3}
      propertyPath: m_LocalScale.z
      value: 0.25
      objectReference: {fileID: 0}
    - target: {fileID: 9154786816908459710, guid: 5883f24f41de67047b92bc6a05967538, type: 3}
      propertyPath: m_LocalPosition.x
      value: -0.007
      objectReference: {fileID: 0}
    - target: {fileID: 9154786816908459710, guid: 5883f24f41de67047b92bc6a05967538, type: 3}
      propertyPath: m_LocalPosition.y
      value: 0.738
      objectReference: {fileID: 0}
    - target: {fileID: 9154786816908459710, guid: 5883f24f41de67047b92bc6a05967538, type: 3}
      propertyPath: m_LocalPosition.z
      value: -0.017
      objectReference: {fileID: 0}
    - target: {fileID: 9154786816908459710, guid: 5883f24f41de67047b92bc6a05967538, type: 3}
      propertyPath: m_LocalRotation.w
      value: 1
      objectReference: {fileID: 0}
    - target: {fileID: 9154786816908459710, guid: 5883f24f41de67047b92bc6a05967538, type: 3}
      propertyPath: m_LocalRotation.x
      value: 0
      objectReference: {fileID: 0}
    - target: {fileID: 9154786816908459710, guid: 5883f24f41de67047b92bc6a05967538, type: 3}
      propertyPath: m_LocalRotation.y
      value: 0
      objectReference: {fileID: 0}
    - target: {fileID: 9154786816908459710, guid: 5883f24f41de67047b92bc6a05967538, type: 3}
      propertyPath: m_LocalRotation.z
      value: 0
      objectReference: {fileID: 0}
    - target: {fileID: 9154786816908459710, guid: 5883f24f41de67047b92bc6a05967538, type: 3}
      propertyPath: m_LocalEulerAnglesHint.x
      value: 0
      objectReference: {fileID: 0}
    - target: {fileID: 9154786816908459710, guid: 5883f24f41de67047b92bc6a05967538, type: 3}
      propertyPath: m_LocalEulerAnglesHint.y
      value: 0
      objectReference: {fileID: 0}
    - target: {fileID: 9154786816908459710, guid: 5883f24f41de67047b92bc6a05967538, type: 3}
      propertyPath: m_LocalEulerAnglesHint.z
      value: 0
      objectReference: {fileID: 0}
    m_RemovedComponents: []
  m_SourcePrefab: {fileID: 100100000, guid: 5883f24f41de67047b92bc6a05967538, type: 3}
--- !u!4 &7182467574523989580 stripped
Transform:
  m_CorrespondingSourceObject: {fileID: 9154786816908459710, guid: 5883f24f41de67047b92bc6a05967538, type: 3}
  m_PrefabInstance: {fileID: 2062954497545761010}
  m_PrefabAsset: {fileID: 0}
--- !u!1001 &2396347259303578357
PrefabInstance:
  m_ObjectHideFlags: 0
  serializedVersion: 2
  m_Modification:
    m_TransformParent: {fileID: 6382960127383011053}
    m_Modifications:
    - target: {fileID: 9154786816908459705, guid: 5883f24f41de67047b92bc6a05967538, type: 3}
      propertyPath: m_Name
      value: M_DM_All_Tuto_Fruit (1)
      objectReference: {fileID: 0}
    - target: {fileID: 9154786816908459710, guid: 5883f24f41de67047b92bc6a05967538, type: 3}
      propertyPath: m_RootOrder
      value: 3
      objectReference: {fileID: 0}
    - target: {fileID: 9154786816908459710, guid: 5883f24f41de67047b92bc6a05967538, type: 3}
      propertyPath: m_LocalScale.x
      value: 0.25
      objectReference: {fileID: 0}
    - target: {fileID: 9154786816908459710, guid: 5883f24f41de67047b92bc6a05967538, type: 3}
      propertyPath: m_LocalScale.y
      value: 0.25
      objectReference: {fileID: 0}
    - target: {fileID: 9154786816908459710, guid: 5883f24f41de67047b92bc6a05967538, type: 3}
      propertyPath: m_LocalScale.z
      value: 0.25
      objectReference: {fileID: 0}
    - target: {fileID: 9154786816908459710, guid: 5883f24f41de67047b92bc6a05967538, type: 3}
      propertyPath: m_LocalPosition.x
      value: -0.225
      objectReference: {fileID: 0}
    - target: {fileID: 9154786816908459710, guid: 5883f24f41de67047b92bc6a05967538, type: 3}
      propertyPath: m_LocalPosition.y
      value: 0.105
      objectReference: {fileID: 0}
    - target: {fileID: 9154786816908459710, guid: 5883f24f41de67047b92bc6a05967538, type: 3}
      propertyPath: m_LocalPosition.z
      value: -0.757
      objectReference: {fileID: 0}
    - target: {fileID: 9154786816908459710, guid: 5883f24f41de67047b92bc6a05967538, type: 3}
      propertyPath: m_LocalRotation.w
      value: 1
      objectReference: {fileID: 0}
    - target: {fileID: 9154786816908459710, guid: 5883f24f41de67047b92bc6a05967538, type: 3}
      propertyPath: m_LocalRotation.x
      value: 0
      objectReference: {fileID: 0}
    - target: {fileID: 9154786816908459710, guid: 5883f24f41de67047b92bc6a05967538, type: 3}
      propertyPath: m_LocalRotation.y
      value: 0
      objectReference: {fileID: 0}
    - target: {fileID: 9154786816908459710, guid: 5883f24f41de67047b92bc6a05967538, type: 3}
      propertyPath: m_LocalRotation.z
      value: 0
      objectReference: {fileID: 0}
    - target: {fileID: 9154786816908459710, guid: 5883f24f41de67047b92bc6a05967538, type: 3}
      propertyPath: m_LocalEulerAnglesHint.x
      value: 0
      objectReference: {fileID: 0}
    - target: {fileID: 9154786816908459710, guid: 5883f24f41de67047b92bc6a05967538, type: 3}
      propertyPath: m_LocalEulerAnglesHint.y
      value: 0
      objectReference: {fileID: 0}
    - target: {fileID: 9154786816908459710, guid: 5883f24f41de67047b92bc6a05967538, type: 3}
      propertyPath: m_LocalEulerAnglesHint.z
      value: 0
      objectReference: {fileID: 0}
    m_RemovedComponents: []
  m_SourcePrefab: {fileID: 100100000, guid: 5883f24f41de67047b92bc6a05967538, type: 3}
--- !u!4 &6795332852251931723 stripped
Transform:
  m_CorrespondingSourceObject: {fileID: 9154786816908459710, guid: 5883f24f41de67047b92bc6a05967538, type: 3}
  m_PrefabInstance: {fileID: 2396347259303578357}
  m_PrefabAsset: {fileID: 0}
--- !u!1001 &2464685778689306744
PrefabInstance:
  m_ObjectHideFlags: 0
  serializedVersion: 2
  m_Modification:
    m_TransformParent: {fileID: 6382960127383011053}
    m_Modifications:
    - target: {fileID: 9154786816908459705, guid: 5883f24f41de67047b92bc6a05967538, type: 3}
      propertyPath: m_Name
      value: M_DM_All_Tuto_Fruit (9)
      objectReference: {fileID: 0}
    - target: {fileID: 9154786816908459710, guid: 5883f24f41de67047b92bc6a05967538, type: 3}
      propertyPath: m_RootOrder
      value: 11
      objectReference: {fileID: 0}
    - target: {fileID: 9154786816908459710, guid: 5883f24f41de67047b92bc6a05967538, type: 3}
      propertyPath: m_LocalScale.x
      value: 0.25
      objectReference: {fileID: 0}
    - target: {fileID: 9154786816908459710, guid: 5883f24f41de67047b92bc6a05967538, type: 3}
      propertyPath: m_LocalScale.y
      value: 0.25
      objectReference: {fileID: 0}
    - target: {fileID: 9154786816908459710, guid: 5883f24f41de67047b92bc6a05967538, type: 3}
      propertyPath: m_LocalScale.z
      value: 0.25
      objectReference: {fileID: 0}
    - target: {fileID: 9154786816908459710, guid: 5883f24f41de67047b92bc6a05967538, type: 3}
      propertyPath: m_LocalPosition.x
      value: 0.15
      objectReference: {fileID: 0}
    - target: {fileID: 9154786816908459710, guid: 5883f24f41de67047b92bc6a05967538, type: 3}
      propertyPath: m_LocalPosition.y
      value: 0.843
      objectReference: {fileID: 0}
    - target: {fileID: 9154786816908459710, guid: 5883f24f41de67047b92bc6a05967538, type: 3}
      propertyPath: m_LocalPosition.z
      value: -0.017
      objectReference: {fileID: 0}
    - target: {fileID: 9154786816908459710, guid: 5883f24f41de67047b92bc6a05967538, type: 3}
      propertyPath: m_LocalRotation.w
      value: 1
      objectReference: {fileID: 0}
    - target: {fileID: 9154786816908459710, guid: 5883f24f41de67047b92bc6a05967538, type: 3}
      propertyPath: m_LocalRotation.x
      value: 0
      objectReference: {fileID: 0}
    - target: {fileID: 9154786816908459710, guid: 5883f24f41de67047b92bc6a05967538, type: 3}
      propertyPath: m_LocalRotation.y
      value: 0
      objectReference: {fileID: 0}
    - target: {fileID: 9154786816908459710, guid: 5883f24f41de67047b92bc6a05967538, type: 3}
      propertyPath: m_LocalRotation.z
      value: 0
      objectReference: {fileID: 0}
    - target: {fileID: 9154786816908459710, guid: 5883f24f41de67047b92bc6a05967538, type: 3}
      propertyPath: m_LocalEulerAnglesHint.x
      value: 0
      objectReference: {fileID: 0}
    - target: {fileID: 9154786816908459710, guid: 5883f24f41de67047b92bc6a05967538, type: 3}
      propertyPath: m_LocalEulerAnglesHint.y
      value: 0
      objectReference: {fileID: 0}
    - target: {fileID: 9154786816908459710, guid: 5883f24f41de67047b92bc6a05967538, type: 3}
      propertyPath: m_LocalEulerAnglesHint.z
      value: 0
      objectReference: {fileID: 0}
    m_RemovedComponents: []
  m_SourcePrefab: {fileID: 100100000, guid: 5883f24f41de67047b92bc6a05967538, type: 3}
--- !u!4 &6717124012578328262 stripped
Transform:
  m_CorrespondingSourceObject: {fileID: 9154786816908459710, guid: 5883f24f41de67047b92bc6a05967538, type: 3}
  m_PrefabInstance: {fileID: 2464685778689306744}
  m_PrefabAsset: {fileID: 0}
--- !u!1001 &2553746443024629103
PrefabInstance:
  m_ObjectHideFlags: 0
  serializedVersion: 2
  m_Modification:
    m_TransformParent: {fileID: 6382960127383011053}
    m_Modifications:
    - target: {fileID: 9154786816908459705, guid: 5883f24f41de67047b92bc6a05967538, type: 3}
      propertyPath: m_Name
      value: M_DM_All_Tuto_Fruit (2)
      objectReference: {fileID: 0}
    - target: {fileID: 9154786816908459710, guid: 5883f24f41de67047b92bc6a05967538, type: 3}
      propertyPath: m_RootOrder
      value: 4
      objectReference: {fileID: 0}
    - target: {fileID: 9154786816908459710, guid: 5883f24f41de67047b92bc6a05967538, type: 3}
      propertyPath: m_LocalScale.x
      value: 0.25
      objectReference: {fileID: 0}
    - target: {fileID: 9154786816908459710, guid: 5883f24f41de67047b92bc6a05967538, type: 3}
      propertyPath: m_LocalScale.y
      value: 0.25
      objectReference: {fileID: 0}
    - target: {fileID: 9154786816908459710, guid: 5883f24f41de67047b92bc6a05967538, type: 3}
      propertyPath: m_LocalScale.z
      value: 0.25
      objectReference: {fileID: 0}
    - target: {fileID: 9154786816908459710, guid: 5883f24f41de67047b92bc6a05967538, type: 3}
      propertyPath: m_LocalPosition.x
      value: 0.044
      objectReference: {fileID: 0}
    - target: {fileID: 9154786816908459710, guid: 5883f24f41de67047b92bc6a05967538, type: 3}
      propertyPath: m_LocalPosition.y
      value: 0.1
      objectReference: {fileID: 0}
    - target: {fileID: 9154786816908459710, guid: 5883f24f41de67047b92bc6a05967538, type: 3}
      propertyPath: m_LocalPosition.z
      value: -0.891
      objectReference: {fileID: 0}
    - target: {fileID: 9154786816908459710, guid: 5883f24f41de67047b92bc6a05967538, type: 3}
      propertyPath: m_LocalRotation.w
      value: 1
      objectReference: {fileID: 0}
    - target: {fileID: 9154786816908459710, guid: 5883f24f41de67047b92bc6a05967538, type: 3}
      propertyPath: m_LocalRotation.x
      value: 0
      objectReference: {fileID: 0}
    - target: {fileID: 9154786816908459710, guid: 5883f24f41de67047b92bc6a05967538, type: 3}
      propertyPath: m_LocalRotation.y
      value: 0
      objectReference: {fileID: 0}
    - target: {fileID: 9154786816908459710, guid: 5883f24f41de67047b92bc6a05967538, type: 3}
      propertyPath: m_LocalRotation.z
      value: 0
      objectReference: {fileID: 0}
    - target: {fileID: 9154786816908459710, guid: 5883f24f41de67047b92bc6a05967538, type: 3}
      propertyPath: m_LocalEulerAnglesHint.x
      value: 0
      objectReference: {fileID: 0}
    - target: {fileID: 9154786816908459710, guid: 5883f24f41de67047b92bc6a05967538, type: 3}
      propertyPath: m_LocalEulerAnglesHint.y
      value: 0
      objectReference: {fileID: 0}
    - target: {fileID: 9154786816908459710, guid: 5883f24f41de67047b92bc6a05967538, type: 3}
      propertyPath: m_LocalEulerAnglesHint.z
      value: 0
      objectReference: {fileID: 0}
    m_RemovedComponents: []
  m_SourcePrefab: {fileID: 100100000, guid: 5883f24f41de67047b92bc6a05967538, type: 3}
--- !u!4 &6664461888424215505 stripped
Transform:
  m_CorrespondingSourceObject: {fileID: 9154786816908459710, guid: 5883f24f41de67047b92bc6a05967538, type: 3}
  m_PrefabInstance: {fileID: 2553746443024629103}
  m_PrefabAsset: {fileID: 0}
--- !u!1001 &2577164033693456743
PrefabInstance:
  m_ObjectHideFlags: 0
  serializedVersion: 2
  m_Modification:
    m_TransformParent: {fileID: 6382960127383011053}
    m_Modifications:
    - target: {fileID: 9154786816908459705, guid: 5883f24f41de67047b92bc6a05967538, type: 3}
      propertyPath: m_Name
      value: M_DM_All_Tuto_Fruit (3)
      objectReference: {fileID: 0}
    - target: {fileID: 9154786816908459710, guid: 5883f24f41de67047b92bc6a05967538, type: 3}
      propertyPath: m_RootOrder
      value: 5
      objectReference: {fileID: 0}
    - target: {fileID: 9154786816908459710, guid: 5883f24f41de67047b92bc6a05967538, type: 3}
      propertyPath: m_LocalScale.x
      value: 0.25
      objectReference: {fileID: 0}
    - target: {fileID: 9154786816908459710, guid: 5883f24f41de67047b92bc6a05967538, type: 3}
      propertyPath: m_LocalScale.y
      value: 0.25
      objectReference: {fileID: 0}
    - target: {fileID: 9154786816908459710, guid: 5883f24f41de67047b92bc6a05967538, type: 3}
      propertyPath: m_LocalScale.z
      value: 0.25
      objectReference: {fileID: 0}
    - target: {fileID: 9154786816908459710, guid: 5883f24f41de67047b92bc6a05967538, type: 3}
      propertyPath: m_LocalPosition.x
      value: 0.18800008
      objectReference: {fileID: 0}
    - target: {fileID: 9154786816908459710, guid: 5883f24f41de67047b92bc6a05967538, type: 3}
      propertyPath: m_LocalPosition.y
      value: 0.707
      objectReference: {fileID: 0}
    - target: {fileID: 9154786816908459710, guid: 5883f24f41de67047b92bc6a05967538, type: 3}
      propertyPath: m_LocalPosition.z
      value: -0.18499917
      objectReference: {fileID: 0}
    - target: {fileID: 9154786816908459710, guid: 5883f24f41de67047b92bc6a05967538, type: 3}
      propertyPath: m_LocalRotation.w
      value: 1
      objectReference: {fileID: 0}
    - target: {fileID: 9154786816908459710, guid: 5883f24f41de67047b92bc6a05967538, type: 3}
      propertyPath: m_LocalRotation.x
      value: 0
      objectReference: {fileID: 0}
    - target: {fileID: 9154786816908459710, guid: 5883f24f41de67047b92bc6a05967538, type: 3}
      propertyPath: m_LocalRotation.y
      value: 0
      objectReference: {fileID: 0}
    - target: {fileID: 9154786816908459710, guid: 5883f24f41de67047b92bc6a05967538, type: 3}
      propertyPath: m_LocalRotation.z
      value: 0
      objectReference: {fileID: 0}
    - target: {fileID: 9154786816908459710, guid: 5883f24f41de67047b92bc6a05967538, type: 3}
      propertyPath: m_LocalEulerAnglesHint.x
      value: 0
      objectReference: {fileID: 0}
    - target: {fileID: 9154786816908459710, guid: 5883f24f41de67047b92bc6a05967538, type: 3}
      propertyPath: m_LocalEulerAnglesHint.y
      value: 0
      objectReference: {fileID: 0}
    - target: {fileID: 9154786816908459710, guid: 5883f24f41de67047b92bc6a05967538, type: 3}
      propertyPath: m_LocalEulerAnglesHint.z
      value: 0
      objectReference: {fileID: 0}
    m_RemovedComponents: []
  m_SourcePrefab: {fileID: 100100000, guid: 5883f24f41de67047b92bc6a05967538, type: 3}
--- !u!4 &6687769665646094297 stripped
Transform:
  m_CorrespondingSourceObject: {fileID: 9154786816908459710, guid: 5883f24f41de67047b92bc6a05967538, type: 3}
  m_PrefabInstance: {fileID: 2577164033693456743}
  m_PrefabAsset: {fileID: 0}
--- !u!1001 &3365927731201369981
PrefabInstance:
  m_ObjectHideFlags: 0
  serializedVersion: 2
  m_Modification:
    m_TransformParent: {fileID: 6382960127383011053}
    m_Modifications:
    - target: {fileID: 9154786816908459705, guid: 5883f24f41de67047b92bc6a05967538, type: 3}
      propertyPath: m_Name
      value: M_DM_All_Tuto_Fruit (10)
      objectReference: {fileID: 0}
    - target: {fileID: 9154786816908459710, guid: 5883f24f41de67047b92bc6a05967538, type: 3}
      propertyPath: m_RootOrder
      value: 12
      objectReference: {fileID: 0}
    - target: {fileID: 9154786816908459710, guid: 5883f24f41de67047b92bc6a05967538, type: 3}
      propertyPath: m_LocalScale.x
      value: 0.25
      objectReference: {fileID: 0}
    - target: {fileID: 9154786816908459710, guid: 5883f24f41de67047b92bc6a05967538, type: 3}
      propertyPath: m_LocalScale.y
      value: 0.25
      objectReference: {fileID: 0}
    - target: {fileID: 9154786816908459710, guid: 5883f24f41de67047b92bc6a05967538, type: 3}
      propertyPath: m_LocalScale.z
      value: 0.25
      objectReference: {fileID: 0}
    - target: {fileID: 9154786816908459710, guid: 5883f24f41de67047b92bc6a05967538, type: 3}
      propertyPath: m_LocalPosition.x
      value: 0.274
      objectReference: {fileID: 0}
    - target: {fileID: 9154786816908459710, guid: 5883f24f41de67047b92bc6a05967538, type: 3}
      propertyPath: m_LocalPosition.y
      value: 0.686
      objectReference: {fileID: 0}
    - target: {fileID: 9154786816908459710, guid: 5883f24f41de67047b92bc6a05967538, type: 3}
      propertyPath: m_LocalPosition.z
      value: -0.017
      objectReference: {fileID: 0}
    - target: {fileID: 9154786816908459710, guid: 5883f24f41de67047b92bc6a05967538, type: 3}
      propertyPath: m_LocalRotation.w
      value: 1
      objectReference: {fileID: 0}
    - target: {fileID: 9154786816908459710, guid: 5883f24f41de67047b92bc6a05967538, type: 3}
      propertyPath: m_LocalRotation.x
      value: 0
      objectReference: {fileID: 0}
    - target: {fileID: 9154786816908459710, guid: 5883f24f41de67047b92bc6a05967538, type: 3}
      propertyPath: m_LocalRotation.y
      value: 0
      objectReference: {fileID: 0}
    - target: {fileID: 9154786816908459710, guid: 5883f24f41de67047b92bc6a05967538, type: 3}
      propertyPath: m_LocalRotation.z
      value: 0
      objectReference: {fileID: 0}
    - target: {fileID: 9154786816908459710, guid: 5883f24f41de67047b92bc6a05967538, type: 3}
      propertyPath: m_LocalEulerAnglesHint.x
      value: 0
      objectReference: {fileID: 0}
    - target: {fileID: 9154786816908459710, guid: 5883f24f41de67047b92bc6a05967538, type: 3}
      propertyPath: m_LocalEulerAnglesHint.y
      value: 0
      objectReference: {fileID: 0}
    - target: {fileID: 9154786816908459710, guid: 5883f24f41de67047b92bc6a05967538, type: 3}
      propertyPath: m_LocalEulerAnglesHint.z
      value: 0
      objectReference: {fileID: 0}
    m_RemovedComponents: []
  m_SourcePrefab: {fileID: 100100000, guid: 5883f24f41de67047b92bc6a05967538, type: 3}
--- !u!4 &5889155163266292163 stripped
Transform:
  m_CorrespondingSourceObject: {fileID: 9154786816908459710, guid: 5883f24f41de67047b92bc6a05967538, type: 3}
  m_PrefabInstance: {fileID: 3365927731201369981}
  m_PrefabAsset: {fileID: 0}
--- !u!1001 &3850592210265059475
PrefabInstance:
  m_ObjectHideFlags: 0
  serializedVersion: 2
  m_Modification:
    m_TransformParent: {fileID: 6382960127383011053}
    m_Modifications:
    - target: {fileID: 9154786816908459705, guid: 5883f24f41de67047b92bc6a05967538, type: 3}
      propertyPath: m_Name
      value: M_DM_All_Tuto_Fruit (7)
      objectReference: {fileID: 0}
    - target: {fileID: 9154786816908459710, guid: 5883f24f41de67047b92bc6a05967538, type: 3}
      propertyPath: m_RootOrder
      value: 9
      objectReference: {fileID: 0}
    - target: {fileID: 9154786816908459710, guid: 5883f24f41de67047b92bc6a05967538, type: 3}
      propertyPath: m_LocalScale.x
      value: 0.25
      objectReference: {fileID: 0}
    - target: {fileID: 9154786816908459710, guid: 5883f24f41de67047b92bc6a05967538, type: 3}
      propertyPath: m_LocalScale.y
      value: 0.25
      objectReference: {fileID: 0}
    - target: {fileID: 9154786816908459710, guid: 5883f24f41de67047b92bc6a05967538, type: 3}
      propertyPath: m_LocalScale.z
      value: 0.25
      objectReference: {fileID: 0}
    - target: {fileID: 9154786816908459710, guid: 5883f24f41de67047b92bc6a05967538, type: 3}
      propertyPath: m_LocalPosition.x
      value: 0.138
      objectReference: {fileID: 0}
    - target: {fileID: 9154786816908459710, guid: 5883f24f41de67047b92bc6a05967538, type: 3}
      propertyPath: m_LocalPosition.y
      value: 0.707
      objectReference: {fileID: 0}
    - target: {fileID: 9154786816908459710, guid: 5883f24f41de67047b92bc6a05967538, type: 3}
      propertyPath: m_LocalPosition.z
      value: 0.186
      objectReference: {fileID: 0}
    - target: {fileID: 9154786816908459710, guid: 5883f24f41de67047b92bc6a05967538, type: 3}
      propertyPath: m_LocalRotation.w
      value: 1
      objectReference: {fileID: 0}
    - target: {fileID: 9154786816908459710, guid: 5883f24f41de67047b92bc6a05967538, type: 3}
      propertyPath: m_LocalRotation.x
      value: 0
      objectReference: {fileID: 0}
    - target: {fileID: 9154786816908459710, guid: 5883f24f41de67047b92bc6a05967538, type: 3}
      propertyPath: m_LocalRotation.y
      value: 0
      objectReference: {fileID: 0}
    - target: {fileID: 9154786816908459710, guid: 5883f24f41de67047b92bc6a05967538, type: 3}
      propertyPath: m_LocalRotation.z
      value: 0
      objectReference: {fileID: 0}
    - target: {fileID: 9154786816908459710, guid: 5883f24f41de67047b92bc6a05967538, type: 3}
      propertyPath: m_LocalEulerAnglesHint.x
      value: 0
      objectReference: {fileID: 0}
    - target: {fileID: 9154786816908459710, guid: 5883f24f41de67047b92bc6a05967538, type: 3}
      propertyPath: m_LocalEulerAnglesHint.y
      value: 0
      objectReference: {fileID: 0}
    - target: {fileID: 9154786816908459710, guid: 5883f24f41de67047b92bc6a05967538, type: 3}
      propertyPath: m_LocalEulerAnglesHint.z
      value: 0
      objectReference: {fileID: 0}
    m_RemovedComponents: []
  m_SourcePrefab: {fileID: 100100000, guid: 5883f24f41de67047b92bc6a05967538, type: 3}
--- !u!4 &5367265108441288237 stripped
Transform:
  m_CorrespondingSourceObject: {fileID: 9154786816908459710, guid: 5883f24f41de67047b92bc6a05967538, type: 3}
  m_PrefabInstance: {fileID: 3850592210265059475}
  m_PrefabAsset: {fileID: 0}
--- !u!1001 &5464400238434979373
PrefabInstance:
  m_ObjectHideFlags: 0
  serializedVersion: 2
  m_Modification:
    m_TransformParent: {fileID: 6382960127383011053}
    m_Modifications:
    - target: {fileID: 9154786816908459705, guid: 5883f24f41de67047b92bc6a05967538, type: 3}
      propertyPath: m_Name
      value: M_DM_All_Tuto_Fruit (6)
      objectReference: {fileID: 0}
    - target: {fileID: 9154786816908459710, guid: 5883f24f41de67047b92bc6a05967538, type: 3}
      propertyPath: m_RootOrder
      value: 8
      objectReference: {fileID: 0}
    - target: {fileID: 9154786816908459710, guid: 5883f24f41de67047b92bc6a05967538, type: 3}
      propertyPath: m_LocalScale.x
      value: 0.25
      objectReference: {fileID: 0}
    - target: {fileID: 9154786816908459710, guid: 5883f24f41de67047b92bc6a05967538, type: 3}
      propertyPath: m_LocalScale.y
      value: 0.25
      objectReference: {fileID: 0}
    - target: {fileID: 9154786816908459710, guid: 5883f24f41de67047b92bc6a05967538, type: 3}
      propertyPath: m_LocalScale.z
      value: 0.25
      objectReference: {fileID: 0}
    - target: {fileID: 9154786816908459710, guid: 5883f24f41de67047b92bc6a05967538, type: 3}
      propertyPath: m_LocalPosition.x
      value: -0.252
      objectReference: {fileID: 0}
    - target: {fileID: 9154786816908459710, guid: 5883f24f41de67047b92bc6a05967538, type: 3}
      propertyPath: m_LocalPosition.y
      value: 0.707
      objectReference: {fileID: 0}
    - target: {fileID: 9154786816908459710, guid: 5883f24f41de67047b92bc6a05967538, type: 3}
      propertyPath: m_LocalPosition.z
      value: -0.122
      objectReference: {fileID: 0}
    - target: {fileID: 9154786816908459710, guid: 5883f24f41de67047b92bc6a05967538, type: 3}
      propertyPath: m_LocalRotation.w
      value: 1
      objectReference: {fileID: 0}
    - target: {fileID: 9154786816908459710, guid: 5883f24f41de67047b92bc6a05967538, type: 3}
      propertyPath: m_LocalRotation.x
      value: 0
      objectReference: {fileID: 0}
    - target: {fileID: 9154786816908459710, guid: 5883f24f41de67047b92bc6a05967538, type: 3}
      propertyPath: m_LocalRotation.y
      value: 0
      objectReference: {fileID: 0}
    - target: {fileID: 9154786816908459710, guid: 5883f24f41de67047b92bc6a05967538, type: 3}
      propertyPath: m_LocalRotation.z
      value: 0
      objectReference: {fileID: 0}
    - target: {fileID: 9154786816908459710, guid: 5883f24f41de67047b92bc6a05967538, type: 3}
      propertyPath: m_LocalEulerAnglesHint.x
      value: 0
      objectReference: {fileID: 0}
    - target: {fileID: 9154786816908459710, guid: 5883f24f41de67047b92bc6a05967538, type: 3}
      propertyPath: m_LocalEulerAnglesHint.y
      value: 0
      objectReference: {fileID: 0}
    - target: {fileID: 9154786816908459710, guid: 5883f24f41de67047b92bc6a05967538, type: 3}
      propertyPath: m_LocalEulerAnglesHint.z
      value: 0
      objectReference: {fileID: 0}
    m_RemovedComponents: []
  m_SourcePrefab: {fileID: 100100000, guid: 5883f24f41de67047b92bc6a05967538, type: 3}
--- !u!4 &3808115691949387923 stripped
Transform:
  m_CorrespondingSourceObject: {fileID: 9154786816908459710, guid: 5883f24f41de67047b92bc6a05967538, type: 3}
  m_PrefabInstance: {fileID: 5464400238434979373}
  m_PrefabAsset: {fileID: 0}
--- !u!1001 &7077122484877064523
PrefabInstance:
  m_ObjectHideFlags: 0
  serializedVersion: 2
  m_Modification:
    m_TransformParent: {fileID: 6382960127383011053}
    m_Modifications:
    - target: {fileID: 9154786816908459705, guid: 5883f24f41de67047b92bc6a05967538, type: 3}
      propertyPath: m_Name
      value: M_DM_All_Tuto_Fruit (4)
      objectReference: {fileID: 0}
    - target: {fileID: 9154786816908459710, guid: 5883f24f41de67047b92bc6a05967538, type: 3}
      propertyPath: m_RootOrder
      value: 6
      objectReference: {fileID: 0}
    - target: {fileID: 9154786816908459710, guid: 5883f24f41de67047b92bc6a05967538, type: 3}
      propertyPath: m_LocalScale.x
      value: 0.25
      objectReference: {fileID: 0}
    - target: {fileID: 9154786816908459710, guid: 5883f24f41de67047b92bc6a05967538, type: 3}
      propertyPath: m_LocalScale.y
      value: 0.25
      objectReference: {fileID: 0}
    - target: {fileID: 9154786816908459710, guid: 5883f24f41de67047b92bc6a05967538, type: 3}
      propertyPath: m_LocalScale.z
      value: 0.25
      objectReference: {fileID: 0}
    - target: {fileID: 9154786816908459710, guid: 5883f24f41de67047b92bc6a05967538, type: 3}
      propertyPath: m_LocalPosition.x
      value: -0.523
      objectReference: {fileID: 0}
    - target: {fileID: 9154786816908459710, guid: 5883f24f41de67047b92bc6a05967538, type: 3}
      propertyPath: m_LocalPosition.y
      value: 0.114
      objectReference: {fileID: 0}
    - target: {fileID: 9154786816908459710, guid: 5883f24f41de67047b92bc6a05967538, type: 3}
      propertyPath: m_LocalPosition.z
      value: -0.72
      objectReference: {fileID: 0}
    - target: {fileID: 9154786816908459710, guid: 5883f24f41de67047b92bc6a05967538, type: 3}
      propertyPath: m_LocalRotation.w
      value: 1
      objectReference: {fileID: 0}
    - target: {fileID: 9154786816908459710, guid: 5883f24f41de67047b92bc6a05967538, type: 3}
      propertyPath: m_LocalRotation.x
      value: 0
      objectReference: {fileID: 0}
    - target: {fileID: 9154786816908459710, guid: 5883f24f41de67047b92bc6a05967538, type: 3}
      propertyPath: m_LocalRotation.y
      value: 0
      objectReference: {fileID: 0}
    - target: {fileID: 9154786816908459710, guid: 5883f24f41de67047b92bc6a05967538, type: 3}
      propertyPath: m_LocalRotation.z
      value: 0
      objectReference: {fileID: 0}
    - target: {fileID: 9154786816908459710, guid: 5883f24f41de67047b92bc6a05967538, type: 3}
      propertyPath: m_LocalEulerAnglesHint.x
      value: 0
      objectReference: {fileID: 0}
    - target: {fileID: 9154786816908459710, guid: 5883f24f41de67047b92bc6a05967538, type: 3}
      propertyPath: m_LocalEulerAnglesHint.y
      value: 0
      objectReference: {fileID: 0}
    - target: {fileID: 9154786816908459710, guid: 5883f24f41de67047b92bc6a05967538, type: 3}
      propertyPath: m_LocalEulerAnglesHint.z
      value: 0
      objectReference: {fileID: 0}
    m_RemovedComponents: []
  m_SourcePrefab: {fileID: 100100000, guid: 5883f24f41de67047b92bc6a05967538, type: 3}
--- !u!4 &2106184326009260021 stripped
Transform:
  m_CorrespondingSourceObject: {fileID: 9154786816908459710, guid: 5883f24f41de67047b92bc6a05967538, type: 3}
  m_PrefabInstance: {fileID: 7077122484877064523}
  m_PrefabAsset: {fileID: 0}
--- !u!1001 &8102985838399488742
PrefabInstance:
  m_ObjectHideFlags: 0
  serializedVersion: 2
  m_Modification:
    m_TransformParent: {fileID: 6382960127383011053}
    m_Modifications:
    - target: {fileID: 9154786816908459705, guid: 5883f24f41de67047b92bc6a05967538, type: 3}
      propertyPath: m_Name
      value: M_DM_All_Tuto_Fruit (5)
      objectReference: {fileID: 0}
    - target: {fileID: 9154786816908459710, guid: 5883f24f41de67047b92bc6a05967538, type: 3}
      propertyPath: m_RootOrder
      value: 7
      objectReference: {fileID: 0}
    - target: {fileID: 9154786816908459710, guid: 5883f24f41de67047b92bc6a05967538, type: 3}
      propertyPath: m_LocalScale.x
      value: 0.25
      objectReference: {fileID: 0}
    - target: {fileID: 9154786816908459710, guid: 5883f24f41de67047b92bc6a05967538, type: 3}
      propertyPath: m_LocalScale.y
      value: 0.25
      objectReference: {fileID: 0}
    - target: {fileID: 9154786816908459710, guid: 5883f24f41de67047b92bc6a05967538, type: 3}
      propertyPath: m_LocalScale.z
      value: 0.25
      objectReference: {fileID: 0}
    - target: {fileID: 9154786816908459710, guid: 5883f24f41de67047b92bc6a05967538, type: 3}
      propertyPath: m_LocalPosition.x
      value: -0.099
      objectReference: {fileID: 0}
    - target: {fileID: 9154786816908459710, guid: 5883f24f41de67047b92bc6a05967538, type: 3}
      propertyPath: m_LocalPosition.y
      value: 0.707
      objectReference: {fileID: 0}
    - target: {fileID: 9154786816908459710, guid: 5883f24f41de67047b92bc6a05967538, type: 3}
      propertyPath: m_LocalPosition.z
      value: 0.233
      objectReference: {fileID: 0}
    - target: {fileID: 9154786816908459710, guid: 5883f24f41de67047b92bc6a05967538, type: 3}
      propertyPath: m_LocalRotation.w
      value: 1
      objectReference: {fileID: 0}
    - target: {fileID: 9154786816908459710, guid: 5883f24f41de67047b92bc6a05967538, type: 3}
      propertyPath: m_LocalRotation.x
      value: 0
      objectReference: {fileID: 0}
    - target: {fileID: 9154786816908459710, guid: 5883f24f41de67047b92bc6a05967538, type: 3}
      propertyPath: m_LocalRotation.y
      value: 0
      objectReference: {fileID: 0}
    - target: {fileID: 9154786816908459710, guid: 5883f24f41de67047b92bc6a05967538, type: 3}
      propertyPath: m_LocalRotation.z
      value: 0
      objectReference: {fileID: 0}
    - target: {fileID: 9154786816908459710, guid: 5883f24f41de67047b92bc6a05967538, type: 3}
      propertyPath: m_LocalEulerAnglesHint.x
      value: 0
      objectReference: {fileID: 0}
    - target: {fileID: 9154786816908459710, guid: 5883f24f41de67047b92bc6a05967538, type: 3}
      propertyPath: m_LocalEulerAnglesHint.y
      value: 0
      objectReference: {fileID: 0}
    - target: {fileID: 9154786816908459710, guid: 5883f24f41de67047b92bc6a05967538, type: 3}
      propertyPath: m_LocalEulerAnglesHint.z
      value: 0
      objectReference: {fileID: 0}
    m_RemovedComponents: []
  m_SourcePrefab: {fileID: 100100000, guid: 5883f24f41de67047b92bc6a05967538, type: 3}
--- !u!4 &1116823074853059672 stripped
Transform:
  m_CorrespondingSourceObject: {fileID: 9154786816908459710, guid: 5883f24f41de67047b92bc6a05967538, type: 3}
  m_PrefabInstance: {fileID: 8102985838399488742}
  m_PrefabAsset: {fileID: 0}
