%YAML 1.1
%TAG !u! tag:unity3d.com,2011:
--- !u!54 &6473576560477907586
Rigidbody:
  m_ObjectHideFlags: 0
  m_CorrespondingSourceObject: {fileID: 0}
  m_PrefabInstance: {fileID: 0}
  m_PrefabAsset: {fileID: 0}
  m_GameObject: {fileID: 7899397936827215455}
  serializedVersion: 2
  m_Mass: 1
  m_Drag: 0
  m_AngularDrag: 0.05
  m_UseGravity: 1
  m_IsKinematic: 0
  m_Interpolate: 0
  m_Constraints: 0
  m_CollisionDetection: 0
--- !u!114 &4883723254901407470
MonoBehaviour:
  m_ObjectHideFlags: 0
  m_CorrespondingSourceObject: {fileID: 0}
  m_PrefabInstance: {fileID: 0}
  m_PrefabAsset: {fileID: 0}
  m_GameObject: {fileID: 7899397936827215455}
  m_Enabled: 1
  m_EditorHideFlags: 0
  m_Script: {fileID: 11500000, guid: 0eb6c39654ca85649b1bb21d8e185a46, type: 3}
  m_Name: 
  m_EditorClassIdentifier: 
  MaxDurability: 1
  ImpactSound:
    idInternal: 0
    valueGuidInternal: 
    WwiseObjectReference: {fileID: 11400000, guid: d9f4648fba8a41e4da9e6425c3c6ee08, type: 2}
  CollisionSound:
    idInternal: 0
    valueGuidInternal: 
    WwiseObjectReference: {fileID: 0}
  DestructionSound:
    idInternal: 0
    valueGuidInternal: 
    WwiseObjectReference: {fileID: 0}
  FireVfx: {fileID: 3544018887002614893}
  DestructionVfx: {fileID: 3544018887002614893}
  ExposureMaxDistance: 1
  FlammableTime: 1
  ExposureAmmount: 1
  BurnFactorWhenHurt: 3
  IsOnFire: 0
  AddRBToChildren: 0
  enableChildrenCollider: 0
  disableChildrenAfterBurn: 0
  MassChildren: 1
  FireSound:
    idInternal: 0
    valueGuidInternal: 
    WwiseObjectReference: {fileID: 0}
--- !u!1 &3289753257887097388
GameObject:
  m_ObjectHideFlags: 0
  m_CorrespondingSourceObject: {fileID: 0}
  m_PrefabInstance: {fileID: 0}
  m_PrefabAsset: {fileID: 0}
  serializedVersion: 6
  m_Component:
  - component: {fileID: 692335364877186461}
  - component: {fileID: 3544018887002614893}
  - component: {fileID: 4685244430510660700}
  m_Layer: 0
  m_Name: Fire
  m_TagString: Untagged
  m_Icon: {fileID: 0}
  m_NavMeshLayer: 0
  m_StaticEditorFlags: 0
  m_IsActive: 1
--- !u!4 &692335364877186461
Transform:
  m_ObjectHideFlags: 0
  m_CorrespondingSourceObject: {fileID: 0}
  m_PrefabInstance: {fileID: 0}
  m_PrefabAsset: {fileID: 0}
  m_GameObject: {fileID: 3289753257887097388}
  m_LocalRotation: {x: -0, y: -0, z: -0, w: 1}
  m_LocalPosition: {x: 0, y: 0, z: 0}
  m_LocalScale: {x: 1, y: 1, z: 1}
  m_Children: []
  m_Father: {fileID: 7416193003757925605}
  m_RootOrder: 10
  m_LocalEulerAnglesHint: {x: 0, y: 0, z: 0}
--- !u!2083052967 &3544018887002614893
VisualEffect:
  m_ObjectHideFlags: 0
  m_CorrespondingSourceObject: {fileID: 0}
  m_PrefabInstance: {fileID: 0}
  m_PrefabAsset: {fileID: 0}
  m_GameObject: {fileID: 3289753257887097388}
  m_Enabled: 1
  m_Asset: {fileID: 8926484042661614526, guid: 6e3e2fc1c1062b4479c250d1fb102220, type: 3}
  m_InitialEventName: 
  m_InitialEventNameOverriden: 1
  m_StartSeed: 0
  m_ResetSeedOnPlay: 1
  m_ResourceVersion: 1
  m_PropertySheet:
    m_Float:
      m_Array: []
    m_Vector2f:
      m_Array: []
    m_Vector3f:
      m_Array: []
    m_Vector4f:
      m_Array: []
    m_Uint:
      m_Array: []
    m_Int:
      m_Array: []
    m_Matrix4x4f:
      m_Array: []
    m_AnimationCurve:
      m_Array: []
    m_Gradient:
      m_Array: []
    m_NamedObject:
      m_Array: []
    m_Bool:
      m_Array: []
--- !u!73398921 &4685244430510660700
VFXRenderer:
  m_ObjectHideFlags: 0
  m_CorrespondingSourceObject: {fileID: 0}
  m_PrefabInstance: {fileID: 0}
  m_PrefabAsset: {fileID: 0}
  m_GameObject: {fileID: 3289753257887097388}
  m_Enabled: 1
  m_CastShadows: 0
  m_ReceiveShadows: 0
  m_DynamicOccludee: 1
  m_MotionVectors: 0
  m_LightProbeUsage: 0
  m_ReflectionProbeUsage: 0
  m_RayTracingMode: 0
  m_RayTraceProcedural: 0
  m_RenderingLayerMask: 1
  m_RendererPriority: 0
  m_Materials:
  - {fileID: 0}
  - {fileID: 0}
  - {fileID: 0}
  m_StaticBatchInfo:
    firstSubMesh: 0
    subMeshCount: 0
  m_StaticBatchRoot: {fileID: 0}
  m_ProbeAnchor: {fileID: 0}
  m_LightProbeVolumeOverride: {fileID: 0}
  m_ScaleInLightmap: 1
  m_ReceiveGI: 1
  m_PreserveUVs: 0
  m_IgnoreNormalsForChartDetection: 0
  m_ImportantGI: 0
  m_StitchLightmapSeams: 1
  m_SelectedEditorRenderState: 3
  m_MinimumChartSize: 4
  m_AutoUVMaxDistance: 0.5
  m_AutoUVMaxAngle: 89
  m_LightmapParameters: {fileID: 0}
  m_SortingLayerID: 0
  m_SortingLayer: 0
  m_SortingOrder: 0
--- !u!1001 &2449751121756633024
PrefabInstance:
  m_ObjectHideFlags: 0
  serializedVersion: 2
  m_Modification:
    m_TransformParent: {fileID: 7416193003757925605}
    m_Modifications:
    - target: {fileID: 2850155253959103775, guid: bfad29d7b20d3544491c464fb311bde2, type: 3}
      propertyPath: m_Materials.Array.data[0]
      value: 
      objectReference: {fileID: 0}
    - target: {fileID: 4030204317746236784, guid: bfad29d7b20d3544491c464fb311bde2, type: 3}
      propertyPath: m_RootOrder
      value: 9
      objectReference: {fileID: 0}
    - target: {fileID: 4030204317746236784, guid: bfad29d7b20d3544491c464fb311bde2, type: 3}
      propertyPath: m_LocalPosition.x
      value: -0.205
      objectReference: {fileID: 0}
    - target: {fileID: 4030204317746236784, guid: bfad29d7b20d3544491c464fb311bde2, type: 3}
      propertyPath: m_LocalPosition.y
      value: 0.518
      objectReference: {fileID: 0}
    - target: {fileID: 4030204317746236784, guid: bfad29d7b20d3544491c464fb311bde2, type: 3}
      propertyPath: m_LocalPosition.z
      value: 0.781
      objectReference: {fileID: 0}
    - target: {fileID: 4030204317746236784, guid: bfad29d7b20d3544491c464fb311bde2, type: 3}
      propertyPath: m_LocalRotation.w
      value: 1
      objectReference: {fileID: 0}
    - target: {fileID: 4030204317746236784, guid: bfad29d7b20d3544491c464fb311bde2, type: 3}
      propertyPath: m_LocalRotation.x
      value: -0
      objectReference: {fileID: 0}
    - target: {fileID: 4030204317746236784, guid: bfad29d7b20d3544491c464fb311bde2, type: 3}
      propertyPath: m_LocalRotation.y
      value: 0
      objectReference: {fileID: 0}
    - target: {fileID: 4030204317746236784, guid: bfad29d7b20d3544491c464fb311bde2, type: 3}
      propertyPath: m_LocalRotation.z
      value: -0
      objectReference: {fileID: 0}
    - target: {fileID: 4030204317746236784, guid: bfad29d7b20d3544491c464fb311bde2, type: 3}
      propertyPath: m_LocalEulerAnglesHint.x
      value: 0
      objectReference: {fileID: 0}
    - target: {fileID: 4030204317746236784, guid: bfad29d7b20d3544491c464fb311bde2, type: 3}
      propertyPath: m_LocalEulerAnglesHint.y
      value: 0
      objectReference: {fileID: 0}
    - target: {fileID: 4030204317746236784, guid: bfad29d7b20d3544491c464fb311bde2, type: 3}
      propertyPath: m_LocalEulerAnglesHint.z
      value: 0
      objectReference: {fileID: 0}
    - target: {fileID: 4370173709897619402, guid: bfad29d7b20d3544491c464fb311bde2, type: 3}
      propertyPath: m_Name
      value: M_DM_All_SimplePlant.001 (1)
      objectReference: {fileID: 0}
    m_RemovedComponents: []
  m_SourcePrefab: {fileID: 100100000, guid: bfad29d7b20d3544491c464fb311bde2, type: 3}
--- !u!1001 &2852069326440924511
PrefabInstance:
  m_ObjectHideFlags: 0
  serializedVersion: 2
  m_Modification:
    m_TransformParent: {fileID: 0}
    m_Modifications:
    - target: {fileID: 1518373087363965531, guid: ed4f6b73513e1694d83053fc169a3fac, type: 3}
      propertyPath: m_Materials.Array.data[0]
      value: 
      objectReference: {fileID: 0}
    - target: {fileID: 1588292475380253373, guid: ed4f6b73513e1694d83053fc169a3fac, type: 3}
      propertyPath: m_Materials.Array.data[0]
      value: 
      objectReference: {fileID: 0}
    - target: {fileID: 1736059061014272236, guid: ed4f6b73513e1694d83053fc169a3fac, type: 3}
      propertyPath: m_Materials.Array.data[0]
      value: 
      objectReference: {fileID: 0}
    - target: {fileID: 2419531011853276822, guid: ed4f6b73513e1694d83053fc169a3fac, type: 3}
      propertyPath: m_Materials.Array.data[0]
      value: 
      objectReference: {fileID: 0}
    - target: {fileID: 4083607066944341140, guid: ed4f6b73513e1694d83053fc169a3fac, type: 3}
      propertyPath: m_Materials.Array.data[0]
      value: 
      objectReference: {fileID: 0}
    - target: {fileID: 4719501721384448442, guid: ed4f6b73513e1694d83053fc169a3fac, type: 3}
      propertyPath: m_RootOrder
      value: 0
      objectReference: {fileID: 0}
    - target: {fileID: 4719501721384448442, guid: ed4f6b73513e1694d83053fc169a3fac, type: 3}
      propertyPath: m_LocalPosition.x
      value: 0
      objectReference: {fileID: 0}
    - target: {fileID: 4719501721384448442, guid: ed4f6b73513e1694d83053fc169a3fac, type: 3}
      propertyPath: m_LocalPosition.y
      value: 0
      objectReference: {fileID: 0}
    - target: {fileID: 4719501721384448442, guid: ed4f6b73513e1694d83053fc169a3fac, type: 3}
      propertyPath: m_LocalPosition.z
      value: 0
      objectReference: {fileID: 0}
    - target: {fileID: 4719501721384448442, guid: ed4f6b73513e1694d83053fc169a3fac, type: 3}
      propertyPath: m_LocalRotation.w
      value: 1
      objectReference: {fileID: 0}
    - target: {fileID: 4719501721384448442, guid: ed4f6b73513e1694d83053fc169a3fac, type: 3}
      propertyPath: m_LocalRotation.x
      value: 0
      objectReference: {fileID: 0}
    - target: {fileID: 4719501721384448442, guid: ed4f6b73513e1694d83053fc169a3fac, type: 3}
      propertyPath: m_LocalRotation.y
      value: -0
      objectReference: {fileID: 0}
    - target: {fileID: 4719501721384448442, guid: ed4f6b73513e1694d83053fc169a3fac, type: 3}
      propertyPath: m_LocalRotation.z
      value: -0
      objectReference: {fileID: 0}
    - target: {fileID: 4719501721384448442, guid: ed4f6b73513e1694d83053fc169a3fac, type: 3}
      propertyPath: m_LocalEulerAnglesHint.x
      value: 0
      objectReference: {fileID: 0}
    - target: {fileID: 4719501721384448442, guid: ed4f6b73513e1694d83053fc169a3fac, type: 3}
      propertyPath: m_LocalEulerAnglesHint.y
      value: 0
      objectReference: {fileID: 0}
    - target: {fileID: 4719501721384448442, guid: ed4f6b73513e1694d83053fc169a3fac, type: 3}
      propertyPath: m_LocalEulerAnglesHint.z
      value: 0
      objectReference: {fileID: 0}
    - target: {fileID: 5113187234749322835, guid: ed4f6b73513e1694d83053fc169a3fac, type: 3}
      propertyPath: m_Convex
      value: 1
      objectReference: {fileID: 0}
    - target: {fileID: 5347137677244672768, guid: ed4f6b73513e1694d83053fc169a3fac, type: 3}
      propertyPath: m_Name
      value: Tree_Enclosure_Down Variant 2
      objectReference: {fileID: 0}
    - target: {fileID: 5347137677244672768, guid: ed4f6b73513e1694d83053fc169a3fac, type: 3}
      propertyPath: m_StaticEditorFlags
      value: 0
      objectReference: {fileID: 0}
    - target: {fileID: 7725467067403648426, guid: ed4f6b73513e1694d83053fc169a3fac, type: 3}
      propertyPath: m_IsActive
      value: 0
      objectReference: {fileID: 0}
    - target: {fileID: 8067846475366540396, guid: ed4f6b73513e1694d83053fc169a3fac, type: 3}
      propertyPath: m_Materials.Array.data[0]
      value: 
      objectReference: {fileID: 0}
    - target: {fileID: 9152571986940434076, guid: ed4f6b73513e1694d83053fc169a3fac, type: 3}
      propertyPath: m_Materials.Array.data[0]
      value: 
      objectReference: {fileID: 0}
    - target: {fileID: 9170260464947517059, guid: ed4f6b73513e1694d83053fc169a3fac, type: 3}
      propertyPath: m_LocalPosition.y
      value: 0.437
      objectReference: {fileID: 0}
    m_RemovedComponents: []
  m_SourcePrefab: {fileID: 100100000, guid: ed4f6b73513e1694d83053fc169a3fac, type: 3}
--- !u!1 &7899397936827215455 stripped
GameObject:
  m_CorrespondingSourceObject: {fileID: 5347137677244672768, guid: ed4f6b73513e1694d83053fc169a3fac, type: 3}
  m_PrefabInstance: {fileID: 2852069326440924511}
  m_PrefabAsset: {fileID: 0}
--- !u!4 &7416193003757925605 stripped
Transform:
  m_CorrespondingSourceObject: {fileID: 4719501721384448442, guid: ed4f6b73513e1694d83053fc169a3fac, type: 3}
  m_PrefabInstance: {fileID: 2852069326440924511}
  m_PrefabAsset: {fileID: 0}
--- !u!1001 &4419186277803555412
PrefabInstance:
  m_ObjectHideFlags: 0
  serializedVersion: 2
  m_Modification:
    m_TransformParent: {fileID: 7416193003757925605}
    m_Modifications:
    - target: {fileID: 2850155253959103775, guid: bfad29d7b20d3544491c464fb311bde2, type: 3}
      propertyPath: m_Materials.Array.data[0]
      value: 
      objectReference: {fileID: 0}
    - target: {fileID: 4030204317746236784, guid: bfad29d7b20d3544491c464fb311bde2, type: 3}
      propertyPath: m_RootOrder
      value: 8
      objectReference: {fileID: 0}
    - target: {fileID: 4030204317746236784, guid: bfad29d7b20d3544491c464fb311bde2, type: 3}
      propertyPath: m_LocalPosition.x
      value: -0.9484758
      objectReference: {fileID: 0}
    - target: {fileID: 4030204317746236784, guid: bfad29d7b20d3544491c464fb311bde2, type: 3}
      propertyPath: m_LocalPosition.y
      value: 0.43125388
      objectReference: {fileID: 0}
    - target: {fileID: 4030204317746236784, guid: bfad29d7b20d3544491c464fb311bde2, type: 3}
      propertyPath: m_LocalPosition.z
      value: 1.0688902
      objectReference: {fileID: 0}
    - target: {fileID: 4030204317746236784, guid: bfad29d7b20d3544491c464fb311bde2, type: 3}
      propertyPath: m_LocalRotation.w
      value: 1
      objectReference: {fileID: 0}
    - target: {fileID: 4030204317746236784, guid: bfad29d7b20d3544491c464fb311bde2, type: 3}
      propertyPath: m_LocalRotation.x
      value: -0
      objectReference: {fileID: 0}
    - target: {fileID: 4030204317746236784, guid: bfad29d7b20d3544491c464fb311bde2, type: 3}
      propertyPath: m_LocalRotation.y
      value: 0
      objectReference: {fileID: 0}
    - target: {fileID: 4030204317746236784, guid: bfad29d7b20d3544491c464fb311bde2, type: 3}
      propertyPath: m_LocalRotation.z
      value: -0
      objectReference: {fileID: 0}
    - target: {fileID: 4030204317746236784, guid: bfad29d7b20d3544491c464fb311bde2, type: 3}
      propertyPath: m_LocalEulerAnglesHint.x
      value: 0
      objectReference: {fileID: 0}
    - target: {fileID: 4030204317746236784, guid: bfad29d7b20d3544491c464fb311bde2, type: 3}
      propertyPath: m_LocalEulerAnglesHint.y
      value: 0
      objectReference: {fileID: 0}
    - target: {fileID: 4030204317746236784, guid: bfad29d7b20d3544491c464fb311bde2, type: 3}
      propertyPath: m_LocalEulerAnglesHint.z
      value: 0
      objectReference: {fileID: 0}
    - target: {fileID: 4370173709897619402, guid: bfad29d7b20d3544491c464fb311bde2, type: 3}
      propertyPath: m_Name
      value: M_DM_All_SimplePlant.001
      objectReference: {fileID: 0}
    m_RemovedComponents: []
  m_SourcePrefab: {fileID: 100100000, guid: bfad29d7b20d3544491c464fb311bde2, type: 3}
--- !u!1001 &9136636184052342106
PrefabInstance:
  m_ObjectHideFlags: 0
  serializedVersion: 2
  m_Modification:
    m_TransformParent: {fileID: 7416193003757925605}
    m_Modifications:
    - target: {fileID: 3782341375477379296, guid: 1e1bbe3163af06c418b6476bc0695a5d, type: 3}
      propertyPath: m_Name
      value: M_DM_All_SimplePlant.002
      objectReference: {fileID: 0}
    - target: {fileID: 4466890037141901224, guid: 1e1bbe3163af06c418b6476bc0695a5d, type: 3}
      propertyPath: m_Materials.Array.data[0]
      value: 
      objectReference: {fileID: 0}
    - target: {fileID: 4554902686950435418, guid: 1e1bbe3163af06c418b6476bc0695a5d, type: 3}
      propertyPath: m_RootOrder
      value: 7
      objectReference: {fileID: 0}
    - target: {fileID: 4554902686950435418, guid: 1e1bbe3163af06c418b6476bc0695a5d, type: 3}
      propertyPath: m_LocalPosition.x
      value: 0.7446775
      objectReference: {fileID: 0}
    - target: {fileID: 4554902686950435418, guid: 1e1bbe3163af06c418b6476bc0695a5d, type: 3}
      propertyPath: m_LocalPosition.y
      value: 0.5248659
      objectReference: {fileID: 0}
    - target: {fileID: 4554902686950435418, guid: 1e1bbe3163af06c418b6476bc0695a5d, type: 3}
      propertyPath: m_LocalPosition.z
      value: -0.9693811
      objectReference: {fileID: 0}
    - target: {fileID: 4554902686950435418, guid: 1e1bbe3163af06c418b6476bc0695a5d, type: 3}
      propertyPath: m_LocalRotation.w
      value: 1
      objectReference: {fileID: 0}
    - target: {fileID: 4554902686950435418, guid: 1e1bbe3163af06c418b6476bc0695a5d, type: 3}
      propertyPath: m_LocalRotation.x
      value: -0
      objectReference: {fileID: 0}
    - target: {fileID: 4554902686950435418, guid: 1e1bbe3163af06c418b6476bc0695a5d, type: 3}
      propertyPath: m_LocalRotation.y
      value: 0
      objectReference: {fileID: 0}
    - target: {fileID: 4554902686950435418, guid: 1e1bbe3163af06c418b6476bc0695a5d, type: 3}
      propertyPath: m_LocalRotation.z
      value: -0
      objectReference: {fileID: 0}
    - target: {fileID: 4554902686950435418, guid: 1e1bbe3163af06c418b6476bc0695a5d, type: 3}
      propertyPath: m_LocalEulerAnglesHint.x
      value: 0
      objectReference: {fileID: 0}
    - target: {fileID: 4554902686950435418, guid: 1e1bbe3163af06c418b6476bc0695a5d, type: 3}
      propertyPath: m_LocalEulerAnglesHint.y
      value: 0
      objectReference: {fileID: 0}
    - target: {fileID: 4554902686950435418, guid: 1e1bbe3163af06c418b6476bc0695a5d, type: 3}
      propertyPath: m_LocalEulerAnglesHint.z
      value: 0
      objectReference: {fileID: 0}
    m_RemovedComponents: []
  m_SourcePrefab: {fileID: 100100000, guid: 1e1bbe3163af06c418b6476bc0695a5d, type: 3}
