%YAML 1.1
%TAG !u! tag:unity3d.com,2011:
--- !u!135 &2537066591965872438
SphereCollider:
  m_ObjectHideFlags: 0
  m_CorrespondingSourceObject: {fileID: 0}
  m_PrefabInstance: {fileID: 0}
  m_PrefabAsset: {fileID: 0}
  m_GameObject: {fileID: 2453473306121697669}
  m_Material: {fileID: 0}
  m_IsTrigger: 0
  m_Enabled: 1
  serializedVersion: 2
  m_Radius: 0.5
  m_Center: {x: 0, y: 0, z: 0}
--- !u!114 &4071725391534996027
MonoBehaviour:
  m_ObjectHideFlags: 0
  m_CorrespondingSourceObject: {fileID: 0}
  m_PrefabInstance: {fileID: 0}
  m_PrefabAsset: {fileID: 0}
  m_GameObject: {fileID: 2453473306121697669}
  m_Enabled: 1
  m_EditorHideFlags: 0
  m_Script: {fileID: 11500000, guid: 41e2468c3303fe740a163e5e7461ce55, type: 3}
  m_Name: 
  m_EditorClassIdentifier: 
  destroyTimer: 5
--- !u!1 &4185212113240217332
GameObject:
  m_ObjectHideFlags: 0
  m_CorrespondingSourceObject: {fileID: 0}
  m_PrefabInstance: {fileID: 0}
  m_PrefabAsset: {fileID: 0}
  serializedVersion: 6
  m_Component:
  - component: {fileID: 3557576055036841038}
  - component: {fileID: 500135987929089003}
  - component: {fileID: 2383565622466836257}
  - component: {fileID: 7125119040878722774}
  - component: {fileID: 2408783694022489529}
  - component: {fileID: 5438910628016057894}
  m_Layer: 0
  m_Name: Small_Shelf_BigMushroom
  m_TagString: Untagged
  m_Icon: {fileID: 0}
  m_NavMeshLayer: 0
  m_StaticEditorFlags: 0
  m_IsActive: 1
--- !u!4 &3557576055036841038
Transform:
  m_ObjectHideFlags: 0
  m_CorrespondingSourceObject: {fileID: 0}
  m_PrefabInstance: {fileID: 0}
  m_PrefabAsset: {fileID: 0}
  m_GameObject: {fileID: 4185212113240217332}
  m_LocalRotation: {x: 0, y: -0, z: -0, w: 1}
  m_LocalPosition: {x: 0, y: 0, z: 0}
  m_LocalScale: {x: 1, y: 1, z: 1}
  m_Children:
  - {fileID: 2583005661292131419}
  - {fileID: 1102634708648702597}
  - {fileID: 2974535562523386687}
  - {fileID: 5178488474572368217}
  - {fileID: 7342829284748510214}
  - {fileID: 3074751690840288684}
  - {fileID: 7605384303663464717}
  - {fileID: 2716684471555957377}
  - {fileID: 5817708084948738409}
  - {fileID: 4755467712522457680}
  - {fileID: 3345427025175182238}
  - {fileID: 6678375866812231764}
  - {fileID: 2262549839956702874}
  - {fileID: 6740595690045955792}
  - {fileID: 5447987208266389819}
  - {fileID: 3560566871615701839}
  - {fileID: 7439735553930392609}
  m_Father: {fileID: 0}
  m_RootOrder: 0
  m_LocalEulerAnglesHint: {x: 0, y: 0, z: 0}
--- !u!33 &500135987929089003
MeshFilter:
  m_ObjectHideFlags: 0
  m_CorrespondingSourceObject: {fileID: 0}
  m_PrefabInstance: {fileID: 0}
  m_PrefabAsset: {fileID: 0}
  m_GameObject: {fileID: 4185212113240217332}
  m_Mesh: {fileID: 782995791552179045, guid: 2a903f29b0b1e0d4e99b96039e4f12f4, type: 3}
--- !u!23 &2383565622466836257
MeshRenderer:
  m_ObjectHideFlags: 0
  m_CorrespondingSourceObject: {fileID: 0}
  m_PrefabInstance: {fileID: 0}
  m_PrefabAsset: {fileID: 0}
  m_GameObject: {fileID: 4185212113240217332}
  m_Enabled: 1
  m_CastShadows: 1
  m_ReceiveShadows: 1
  m_DynamicOccludee: 1
  m_MotionVectors: 1
  m_LightProbeUsage: 1
  m_ReflectionProbeUsage: 1
  m_RayTracingMode: 2
  m_RayTraceProcedural: 0
  m_RenderingLayerMask: 1
  m_RendererPriority: 0
  m_Materials:
  - {fileID: 2100000, guid: 713510c78c831044fa2ffb7ec72164e1, type: 2}
  - {fileID: 2100000, guid: 58156e373dcb24f4a930bf22d3cae88a, type: 2}
  m_StaticBatchInfo:
    firstSubMesh: 0
    subMeshCount: 0
  m_StaticBatchRoot: {fileID: 0}
  m_ProbeAnchor: {fileID: 0}
  m_LightProbeVolumeOverride: {fileID: 0}
  m_ScaleInLightmap: 1
  m_ReceiveGI: 1
  m_PreserveUVs: 0
  m_IgnoreNormalsForChartDetection: 0
  m_ImportantGI: 0
  m_StitchLightmapSeams: 1
  m_SelectedEditorRenderState: 3
  m_MinimumChartSize: 4
  m_AutoUVMaxDistance: 0.5
  m_AutoUVMaxAngle: 89
  m_LightmapParameters: {fileID: 0}
  m_SortingLayerID: 0
  m_SortingLayer: 0
  m_SortingOrder: 0
  m_AdditionalVertexStreams: {fileID: 0}
--- !u!54 &7125119040878722774
Rigidbody:
  m_ObjectHideFlags: 0
  m_CorrespondingSourceObject: {fileID: 0}
  m_PrefabInstance: {fileID: 0}
  m_PrefabAsset: {fileID: 0}
  m_GameObject: {fileID: 4185212113240217332}
  serializedVersion: 2
  m_Mass: 1
  m_Drag: 0
  m_AngularDrag: 0.05
  m_UseGravity: 1
  m_IsKinematic: 0
  m_Interpolate: 0
  m_Constraints: 64
  m_CollisionDetection: 0
--- !u!65 &2408783694022489529
BoxCollider:
  m_ObjectHideFlags: 0
  m_CorrespondingSourceObject: {fileID: 0}
  m_PrefabInstance: {fileID: 0}
  m_PrefabAsset: {fileID: 0}
  m_GameObject: {fileID: 4185212113240217332}
  m_Material: {fileID: 0}
  m_IsTrigger: 0
  m_Enabled: 1
  serializedVersion: 2
  m_Size: {x: 1.2096, y: 0.7000003, z: 1.1388286}
  m_Center: {x: 0.000000029802322, y: 0.35187602, z: 0}
--- !u!114 &5438910628016057894
MonoBehaviour:
  m_ObjectHideFlags: 0
  m_CorrespondingSourceObject: {fileID: 0}
  m_PrefabInstance: {fileID: 0}
  m_PrefabAsset: {fileID: 0}
  m_GameObject: {fileID: 4185212113240217332}
  m_Enabled: 1
  m_EditorHideFlags: 0
  m_Script: {fileID: 11500000, guid: 0eb6c39654ca85649b1bb21d8e185a46, type: 3}
  m_Name: 
  m_EditorClassIdentifier: 
  MaxDurability: 0.75
  ImpactSound:
    idInternal: 0
    valueGuidInternal: 
    WwiseObjectReference: {fileID: 0}
  CollisionSound:
    idInternal: 0
    valueGuidInternal: 
    WwiseObjectReference: {fileID: 11400000, guid: daecd4bddae0b1941bce88371230ee9a, type: 2}
  DestructionSound:
    idInternal: 0
    valueGuidInternal: 
    WwiseObjectReference: {fileID: 11400000, guid: f215d5c240844004e87684ce195c0942, type: 2}
  FireVfx: {fileID: 8202708193610713364}
  DestructionVfx: {fileID: 7951811343056368301}
  ExposureMaxDistance: 2
  FlammableTime: 5.5
  ExposureAmmount: 2
  BurnFactorWhenHurt: 3
  IsOnFire: 0
  AddRBToChildren: 1
  enableChildrenCollider: 0
  MassChildren: 1
  FireSound:
    idInternal: 0
    valueGuidInternal: 
    WwiseObjectReference: {fileID: 11400000, guid: 8d73a21d2e8aa41459a6b39c00bd38e3, type: 2}
--- !u!114 &286893017936487251
MonoBehaviour:
  m_ObjectHideFlags: 0
  m_CorrespondingSourceObject: {fileID: 0}
  m_PrefabInstance: {fileID: 0}
  m_PrefabAsset: {fileID: 0}
  m_GameObject: {fileID: 5518738547481736163}
  m_Enabled: 1
  m_EditorHideFlags: 0
  m_Script: {fileID: 11500000, guid: 41e2468c3303fe740a163e5e7461ce55, type: 3}
  m_Name: 
  m_EditorClassIdentifier: 
  destroyTimer: 5
--- !u!135 &8358280895464156584
SphereCollider:
  m_ObjectHideFlags: 0
  m_CorrespondingSourceObject: {fileID: 0}
  m_PrefabInstance: {fileID: 0}
  m_PrefabAsset: {fileID: 0}
  m_GameObject: {fileID: 5518738547481736163}
  m_Material: {fileID: 0}
  m_IsTrigger: 0
  m_Enabled: 1
  serializedVersion: 2
  m_Radius: 0.5
  m_Center: {x: 0, y: 0, z: 0}
--- !u!1 &7227294983372436746
GameObject:
  m_ObjectHideFlags: 0
  m_CorrespondingSourceObject: {fileID: 0}
  m_PrefabInstance: {fileID: 0}
  m_PrefabAsset: {fileID: 0}
  serializedVersion: 6
  m_Component:
  - component: {fileID: 1102634708648702597}
  - component: {fileID: 7951811343056368301}
  - component: {fileID: 5917802480572449627}
  m_Layer: 0
  m_Name: BurningLeaf
  m_TagString: Untagged
  m_Icon: {fileID: 0}
  m_NavMeshLayer: 0
  m_StaticEditorFlags: 0
  m_IsActive: 1
--- !u!4 &1102634708648702597
Transform:
  m_ObjectHideFlags: 0
  m_CorrespondingSourceObject: {fileID: 0}
  m_PrefabInstance: {fileID: 0}
  m_PrefabAsset: {fileID: 0}
  m_GameObject: {fileID: 7227294983372436746}
  m_LocalRotation: {x: 0, y: 0, z: 0, w: 1}
  m_LocalPosition: {x: 0, y: 0, z: 0}
  m_LocalScale: {x: 1, y: 1, z: 1}
  m_Children: []
  m_Father: {fileID: 3557576055036841038}
  m_RootOrder: 1
  m_LocalEulerAnglesHint: {x: 0, y: 0, z: 0}
--- !u!2083052967 &7951811343056368301
VisualEffect:
  m_ObjectHideFlags: 0
  m_CorrespondingSourceObject: {fileID: 0}
  m_PrefabInstance: {fileID: 0}
  m_PrefabAsset: {fileID: 0}
  m_GameObject: {fileID: 7227294983372436746}
  m_Enabled: 1
  m_Asset: {fileID: 8926484042661614526, guid: 6102943c3631b6d4cb7c6a456dae1986, type: 3}
  m_InitialEventName: 
  m_InitialEventNameOverriden: 1
  m_StartSeed: 0
  m_ResetSeedOnPlay: 1
  m_ResourceVersion: 1
  m_PropertySheet:
    m_Float:
      m_Array: []
    m_Vector2f:
      m_Array: []
    m_Vector3f:
      m_Array: []
    m_Vector4f:
      m_Array: []
    m_Uint:
      m_Array: []
    m_Int:
      m_Array: []
    m_Matrix4x4f:
      m_Array: []
    m_AnimationCurve:
      m_Array: []
    m_Gradient:
      m_Array: []
    m_NamedObject:
      m_Array: []
    m_Bool:
      m_Array: []
--- !u!73398921 &5917802480572449627
VFXRenderer:
  m_ObjectHideFlags: 0
  m_CorrespondingSourceObject: {fileID: 0}
  m_PrefabInstance: {fileID: 0}
  m_PrefabAsset: {fileID: 0}
  m_GameObject: {fileID: 7227294983372436746}
  m_Enabled: 1
  m_CastShadows: 0
  m_ReceiveShadows: 0
  m_DynamicOccludee: 1
  m_MotionVectors: 0
  m_LightProbeUsage: 0
  m_ReflectionProbeUsage: 0
  m_RayTracingMode: 0
  m_RayTraceProcedural: 0
  m_RenderingLayerMask: 1
  m_RendererPriority: 0
  m_Materials:
  - {fileID: 0}
  - {fileID: 0}
  m_StaticBatchInfo:
    firstSubMesh: 0
    subMeshCount: 0
  m_StaticBatchRoot: {fileID: 0}
  m_ProbeAnchor: {fileID: 0}
  m_LightProbeVolumeOverride: {fileID: 0}
  m_ScaleInLightmap: 1
  m_ReceiveGI: 1
  m_PreserveUVs: 0
  m_IgnoreNormalsForChartDetection: 0
  m_ImportantGI: 0
  m_StitchLightmapSeams: 1
  m_SelectedEditorRenderState: 3
  m_MinimumChartSize: 4
  m_AutoUVMaxDistance: 0.5
  m_AutoUVMaxAngle: 89
  m_LightmapParameters: {fileID: 0}
  m_SortingLayerID: 0
  m_SortingLayer: 0
  m_SortingOrder: 0
--- !u!1 &8652813104570309136
GameObject:
  m_ObjectHideFlags: 0
  m_CorrespondingSourceObject: {fileID: 0}
  m_PrefabInstance: {fileID: 0}
  m_PrefabAsset: {fileID: 0}
  serializedVersion: 6
  m_Component:
  - component: {fileID: 2583005661292131419}
  - component: {fileID: 8202708193610713364}
  - component: {fileID: 723934348100457026}
  m_Layer: 0
  m_Name: Fire
  m_TagString: Untagged
  m_Icon: {fileID: 0}
  m_NavMeshLayer: 0
  m_StaticEditorFlags: 0
  m_IsActive: 1
--- !u!4 &2583005661292131419
Transform:
  m_ObjectHideFlags: 0
  m_CorrespondingSourceObject: {fileID: 0}
  m_PrefabInstance: {fileID: 0}
  m_PrefabAsset: {fileID: 0}
  m_GameObject: {fileID: 8652813104570309136}
  m_LocalRotation: {x: 0, y: 0, z: 0, w: 1}
  m_LocalPosition: {x: 0, y: 0, z: 0}
  m_LocalScale: {x: 1, y: 1, z: 1}
  m_Children: []
  m_Father: {fileID: 3557576055036841038}
  m_RootOrder: 0
  m_LocalEulerAnglesHint: {x: 0, y: 0, z: 0}
--- !u!2083052967 &8202708193610713364
VisualEffect:
  m_ObjectHideFlags: 0
  m_CorrespondingSourceObject: {fileID: 0}
  m_PrefabInstance: {fileID: 0}
  m_PrefabAsset: {fileID: 0}
  m_GameObject: {fileID: 8652813104570309136}
  m_Enabled: 1
  m_Asset: {fileID: 8926484042661614526, guid: 6e3e2fc1c1062b4479c250d1fb102220, type: 3}
  m_InitialEventName: 
  m_InitialEventNameOverriden: 1
  m_StartSeed: 0
  m_ResetSeedOnPlay: 1
  m_ResourceVersion: 1
  m_PropertySheet:
    m_Float:
      m_Array: []
    m_Vector2f:
      m_Array: []
    m_Vector3f:
      m_Array: []
    m_Vector4f:
      m_Array: []
    m_Uint:
      m_Array: []
    m_Int:
      m_Array: []
    m_Matrix4x4f:
      m_Array: []
    m_AnimationCurve:
      m_Array: []
    m_Gradient:
      m_Array: []
    m_NamedObject:
      m_Array: []
    m_Bool:
      m_Array: []
--- !u!73398921 &723934348100457026
VFXRenderer:
  m_ObjectHideFlags: 0
  m_CorrespondingSourceObject: {fileID: 0}
  m_PrefabInstance: {fileID: 0}
  m_PrefabAsset: {fileID: 0}
  m_GameObject: {fileID: 8652813104570309136}
  m_Enabled: 1
  m_CastShadows: 0
  m_ReceiveShadows: 0
  m_DynamicOccludee: 1
  m_MotionVectors: 0
  m_LightProbeUsage: 0
  m_ReflectionProbeUsage: 0
  m_RayTracingMode: 0
  m_RayTraceProcedural: 0
  m_RenderingLayerMask: 1
  m_RendererPriority: 0
  m_Materials:
  - {fileID: 0}
  - {fileID: 0}
  - {fileID: 0}
  m_StaticBatchInfo:
    firstSubMesh: 0
    subMeshCount: 0
  m_StaticBatchRoot: {fileID: 0}
  m_ProbeAnchor: {fileID: 0}
  m_LightProbeVolumeOverride: {fileID: 0}
  m_ScaleInLightmap: 1
  m_ReceiveGI: 1
  m_PreserveUVs: 0
  m_IgnoreNormalsForChartDetection: 0
  m_ImportantGI: 0
  m_StitchLightmapSeams: 1
  m_SelectedEditorRenderState: 3
  m_MinimumChartSize: 4
  m_AutoUVMaxDistance: 0.5
  m_AutoUVMaxAngle: 89
  m_LightmapParameters: {fileID: 0}
  m_SortingLayerID: 0
  m_SortingLayer: 0
  m_SortingOrder: 0
--- !u!1001 &1623431811884433331
PrefabInstance:
  m_ObjectHideFlags: 0
  serializedVersion: 2
  m_Modification:
    m_TransformParent: {fileID: 3557576055036841038}
    m_Modifications:
    - target: {fileID: 9154786816908459705, guid: 5883f24f41de67047b92bc6a05967538, type: 3}
      propertyPath: m_Name
      value: M_DM_All_Tuto_Fruit (4)
      objectReference: {fileID: 0}
    - target: {fileID: 9154786816908459708, guid: 5883f24f41de67047b92bc6a05967538, type: 3}
      propertyPath: m_Materials.Array.data[0]
      value: 
      objectReference: {fileID: 2100000, guid: 713510c78c831044fa2ffb7ec72164e1, type: 2}
    - target: {fileID: 9154786816908459709, guid: 5883f24f41de67047b92bc6a05967538, type: 3}
      propertyPath: m_Mesh
      value: 
      objectReference: {fileID: 3698767756544735340, guid: 2ba8fd2a5a5e59a46bc52fbf7afbc301, type: 3}
    - target: {fileID: 9154786816908459710, guid: 5883f24f41de67047b92bc6a05967538, type: 3}
      propertyPath: m_RootOrder
      value: 6
      objectReference: {fileID: 0}
    - target: {fileID: 9154786816908459710, guid: 5883f24f41de67047b92bc6a05967538, type: 3}
      propertyPath: m_LocalScale.x
      value: 0.5
      objectReference: {fileID: 0}
    - target: {fileID: 9154786816908459710, guid: 5883f24f41de67047b92bc6a05967538, type: 3}
      propertyPath: m_LocalScale.y
      value: 0.5
      objectReference: {fileID: 0}
    - target: {fileID: 9154786816908459710, guid: 5883f24f41de67047b92bc6a05967538, type: 3}
      propertyPath: m_LocalScale.z
      value: 0.5
      objectReference: {fileID: 0}
    - target: {fileID: 9154786816908459710, guid: 5883f24f41de67047b92bc6a05967538, type: 3}
      propertyPath: m_LocalPosition.x
      value: 0.383
      objectReference: {fileID: 0}
    - target: {fileID: 9154786816908459710, guid: 5883f24f41de67047b92bc6a05967538, type: 3}
      propertyPath: m_LocalPosition.y
      value: 0.596
      objectReference: {fileID: 0}
    - target: {fileID: 9154786816908459710, guid: 5883f24f41de67047b92bc6a05967538, type: 3}
      propertyPath: m_LocalPosition.z
      value: -0.36
      objectReference: {fileID: 0}
    - target: {fileID: 9154786816908459710, guid: 5883f24f41de67047b92bc6a05967538, type: 3}
      propertyPath: m_LocalRotation.w
      value: 1
      objectReference: {fileID: 0}
    - target: {fileID: 9154786816908459710, guid: 5883f24f41de67047b92bc6a05967538, type: 3}
      propertyPath: m_LocalRotation.x
      value: 0
      objectReference: {fileID: 0}
    - target: {fileID: 9154786816908459710, guid: 5883f24f41de67047b92bc6a05967538, type: 3}
      propertyPath: m_LocalRotation.y
      value: 0
      objectReference: {fileID: 0}
    - target: {fileID: 9154786816908459710, guid: 5883f24f41de67047b92bc6a05967538, type: 3}
      propertyPath: m_LocalRotation.z
      value: 0
      objectReference: {fileID: 0}
    - target: {fileID: 9154786816908459710, guid: 5883f24f41de67047b92bc6a05967538, type: 3}
      propertyPath: m_LocalEulerAnglesHint.x
      value: 0
      objectReference: {fileID: 0}
    - target: {fileID: 9154786816908459710, guid: 5883f24f41de67047b92bc6a05967538, type: 3}
      propertyPath: m_LocalEulerAnglesHint.y
      value: 0
      objectReference: {fileID: 0}
    - target: {fileID: 9154786816908459710, guid: 5883f24f41de67047b92bc6a05967538, type: 3}
      propertyPath: m_LocalEulerAnglesHint.z
      value: 0
      objectReference: {fileID: 0}
    m_RemovedComponents: []
  m_SourcePrefab: {fileID: 100100000, guid: 5883f24f41de67047b92bc6a05967538, type: 3}
--- !u!4 &7605384303663464717 stripped
Transform:
  m_CorrespondingSourceObject: {fileID: 9154786816908459710, guid: 5883f24f41de67047b92bc6a05967538, type: 3}
  m_PrefabInstance: {fileID: 1623431811884433331}
  m_PrefabAsset: {fileID: 0}
--- !u!1001 &1743761716058819231
PrefabInstance:
  m_ObjectHideFlags: 0
  serializedVersion: 2
  m_Modification:
    m_TransformParent: {fileID: 3557576055036841038}
    m_Modifications:
    - target: {fileID: 9154786816908459705, guid: 5883f24f41de67047b92bc6a05967538, type: 3}
      propertyPath: m_Name
      value: M_DM_All_Tuto_Fruit (20)
      objectReference: {fileID: 0}
    - target: {fileID: 9154786816908459708, guid: 5883f24f41de67047b92bc6a05967538, type: 3}
      propertyPath: m_Materials.Array.data[0]
      value: 
      objectReference: {fileID: 2100000, guid: 713510c78c831044fa2ffb7ec72164e1, type: 2}
    - target: {fileID: 9154786816908459709, guid: 5883f24f41de67047b92bc6a05967538, type: 3}
      propertyPath: m_Mesh
      value: 
      objectReference: {fileID: 3698767756544735340, guid: 2ba8fd2a5a5e59a46bc52fbf7afbc301, type: 3}
    - target: {fileID: 9154786816908459710, guid: 5883f24f41de67047b92bc6a05967538, type: 3}
      propertyPath: m_RootOrder
      value: 16
      objectReference: {fileID: 0}
    - target: {fileID: 9154786816908459710, guid: 5883f24f41de67047b92bc6a05967538, type: 3}
      propertyPath: m_LocalScale.x
      value: 0.5
      objectReference: {fileID: 0}
    - target: {fileID: 9154786816908459710, guid: 5883f24f41de67047b92bc6a05967538, type: 3}
      propertyPath: m_LocalScale.y
      value: 0.5
      objectReference: {fileID: 0}
    - target: {fileID: 9154786816908459710, guid: 5883f24f41de67047b92bc6a05967538, type: 3}
      propertyPath: m_LocalScale.z
      value: 0.5
      objectReference: {fileID: 0}
    - target: {fileID: 9154786816908459710, guid: 5883f24f41de67047b92bc6a05967538, type: 3}
      propertyPath: m_LocalPosition.x
      value: 0.037
      objectReference: {fileID: 0}
    - target: {fileID: 9154786816908459710, guid: 5883f24f41de67047b92bc6a05967538, type: 3}
      propertyPath: m_LocalPosition.y
      value: 0.575
      objectReference: {fileID: 0}
    - target: {fileID: 9154786816908459710, guid: 5883f24f41de67047b92bc6a05967538, type: 3}
      propertyPath: m_LocalPosition.z
      value: 0.049
      objectReference: {fileID: 0}
    - target: {fileID: 9154786816908459710, guid: 5883f24f41de67047b92bc6a05967538, type: 3}
      propertyPath: m_LocalRotation.w
      value: 1
      objectReference: {fileID: 0}
    - target: {fileID: 9154786816908459710, guid: 5883f24f41de67047b92bc6a05967538, type: 3}
      propertyPath: m_LocalRotation.x
      value: 0
      objectReference: {fileID: 0}
    - target: {fileID: 9154786816908459710, guid: 5883f24f41de67047b92bc6a05967538, type: 3}
      propertyPath: m_LocalRotation.y
      value: 0
      objectReference: {fileID: 0}
    - target: {fileID: 9154786816908459710, guid: 5883f24f41de67047b92bc6a05967538, type: 3}
      propertyPath: m_LocalRotation.z
      value: 0
      objectReference: {fileID: 0}
    - target: {fileID: 9154786816908459710, guid: 5883f24f41de67047b92bc6a05967538, type: 3}
      propertyPath: m_LocalEulerAnglesHint.x
      value: 0
      objectReference: {fileID: 0}
    - target: {fileID: 9154786816908459710, guid: 5883f24f41de67047b92bc6a05967538, type: 3}
      propertyPath: m_LocalEulerAnglesHint.y
      value: 0
      objectReference: {fileID: 0}
    - target: {fileID: 9154786816908459710, guid: 5883f24f41de67047b92bc6a05967538, type: 3}
      propertyPath: m_LocalEulerAnglesHint.z
      value: 0
      objectReference: {fileID: 0}
    m_RemovedComponents: []
  m_SourcePrefab: {fileID: 100100000, guid: 5883f24f41de67047b92bc6a05967538, type: 3}
--- !u!4 &7439735553930392609 stripped
Transform:
  m_CorrespondingSourceObject: {fileID: 9154786816908459710, guid: 5883f24f41de67047b92bc6a05967538, type: 3}
  m_PrefabInstance: {fileID: 1743761716058819231}
  m_PrefabAsset: {fileID: 0}
--- !u!1001 &1939554246068583096
PrefabInstance:
  m_ObjectHideFlags: 0
  serializedVersion: 2
  m_Modification:
    m_TransformParent: {fileID: 3557576055036841038}
    m_Modifications:
    - target: {fileID: 9154786816908459705, guid: 5883f24f41de67047b92bc6a05967538, type: 3}
      propertyPath: m_Name
      value: M_DM_All_Tuto_Fruit (9)
      objectReference: {fileID: 0}
    - target: {fileID: 9154786816908459708, guid: 5883f24f41de67047b92bc6a05967538, type: 3}
      propertyPath: m_Materials.Array.data[0]
      value: 
      objectReference: {fileID: 2100000, guid: 713510c78c831044fa2ffb7ec72164e1, type: 2}
    - target: {fileID: 9154786816908459709, guid: 5883f24f41de67047b92bc6a05967538, type: 3}
      propertyPath: m_Mesh
      value: 
      objectReference: {fileID: 3698767756544735340, guid: 2ba8fd2a5a5e59a46bc52fbf7afbc301, type: 3}
    - target: {fileID: 9154786816908459710, guid: 5883f24f41de67047b92bc6a05967538, type: 3}
      propertyPath: m_RootOrder
      value: 4
      objectReference: {fileID: 0}
    - target: {fileID: 9154786816908459710, guid: 5883f24f41de67047b92bc6a05967538, type: 3}
      propertyPath: m_LocalScale.x
      value: 0.5
      objectReference: {fileID: 0}
    - target: {fileID: 9154786816908459710, guid: 5883f24f41de67047b92bc6a05967538, type: 3}
      propertyPath: m_LocalScale.y
      value: 0.5
      objectReference: {fileID: 0}
    - target: {fileID: 9154786816908459710, guid: 5883f24f41de67047b92bc6a05967538, type: 3}
      propertyPath: m_LocalScale.z
      value: 0.5
      objectReference: {fileID: 0}
    - target: {fileID: 9154786816908459710, guid: 5883f24f41de67047b92bc6a05967538, type: 3}
      propertyPath: m_LocalPosition.x
      value: -0.38
      objectReference: {fileID: 0}
    - target: {fileID: 9154786816908459710, guid: 5883f24f41de67047b92bc6a05967538, type: 3}
      propertyPath: m_LocalPosition.y
      value: 0.594
      objectReference: {fileID: 0}
    - target: {fileID: 9154786816908459710, guid: 5883f24f41de67047b92bc6a05967538, type: 3}
      propertyPath: m_LocalPosition.z
      value: -0.044
      objectReference: {fileID: 0}
    - target: {fileID: 9154786816908459710, guid: 5883f24f41de67047b92bc6a05967538, type: 3}
      propertyPath: m_LocalRotation.w
      value: 1
      objectReference: {fileID: 0}
    - target: {fileID: 9154786816908459710, guid: 5883f24f41de67047b92bc6a05967538, type: 3}
      propertyPath: m_LocalRotation.x
      value: 0
      objectReference: {fileID: 0}
    - target: {fileID: 9154786816908459710, guid: 5883f24f41de67047b92bc6a05967538, type: 3}
      propertyPath: m_LocalRotation.y
      value: 0
      objectReference: {fileID: 0}
    - target: {fileID: 9154786816908459710, guid: 5883f24f41de67047b92bc6a05967538, type: 3}
      propertyPath: m_LocalRotation.z
      value: 0
      objectReference: {fileID: 0}
    - target: {fileID: 9154786816908459710, guid: 5883f24f41de67047b92bc6a05967538, type: 3}
      propertyPath: m_LocalEulerAnglesHint.x
      value: 0
      objectReference: {fileID: 0}
    - target: {fileID: 9154786816908459710, guid: 5883f24f41de67047b92bc6a05967538, type: 3}
      propertyPath: m_LocalEulerAnglesHint.y
      value: 0
      objectReference: {fileID: 0}
    - target: {fileID: 9154786816908459710, guid: 5883f24f41de67047b92bc6a05967538, type: 3}
      propertyPath: m_LocalEulerAnglesHint.z
      value: 0
      objectReference: {fileID: 0}
    m_RemovedComponents: []
  m_SourcePrefab: {fileID: 100100000, guid: 5883f24f41de67047b92bc6a05967538, type: 3}
--- !u!4 &7342829284748510214 stripped
Transform:
  m_CorrespondingSourceObject: {fileID: 9154786816908459710, guid: 5883f24f41de67047b92bc6a05967538, type: 3}
  m_PrefabInstance: {fileID: 1939554246068583096}
  m_PrefabAsset: {fileID: 0}
--- !u!1001 &2488025531949654126
PrefabInstance:
  m_ObjectHideFlags: 0
  serializedVersion: 2
  m_Modification:
    m_TransformParent: {fileID: 3557576055036841038}
    m_Modifications:
    - target: {fileID: 9154786816908459705, guid: 5883f24f41de67047b92bc6a05967538, type: 3}
      propertyPath: m_Name
      value: M_DM_All_Tuto_Fruit (17)
      objectReference: {fileID: 0}
    - target: {fileID: 9154786816908459708, guid: 5883f24f41de67047b92bc6a05967538, type: 3}
      propertyPath: m_Materials.Array.data[0]
      value: 
      objectReference: {fileID: 2100000, guid: 713510c78c831044fa2ffb7ec72164e1, type: 2}
    - target: {fileID: 9154786816908459709, guid: 5883f24f41de67047b92bc6a05967538, type: 3}
      propertyPath: m_Mesh
      value: 
      objectReference: {fileID: 3698767756544735340, guid: 2ba8fd2a5a5e59a46bc52fbf7afbc301, type: 3}
    - target: {fileID: 9154786816908459710, guid: 5883f24f41de67047b92bc6a05967538, type: 3}
      propertyPath: m_RootOrder
      value: 13
      objectReference: {fileID: 0}
    - target: {fileID: 9154786816908459710, guid: 5883f24f41de67047b92bc6a05967538, type: 3}
      propertyPath: m_LocalScale.x
      value: 0.5
      objectReference: {fileID: 0}
    - target: {fileID: 9154786816908459710, guid: 5883f24f41de67047b92bc6a05967538, type: 3}
      propertyPath: m_LocalScale.y
      value: 0.5
      objectReference: {fileID: 0}
    - target: {fileID: 9154786816908459710, guid: 5883f24f41de67047b92bc6a05967538, type: 3}
      propertyPath: m_LocalScale.z
      value: 0.5
      objectReference: {fileID: 0}
    - target: {fileID: 9154786816908459710, guid: 5883f24f41de67047b92bc6a05967538, type: 3}
      propertyPath: m_LocalPosition.x
      value: -0.24300006
      objectReference: {fileID: 0}
    - target: {fileID: 9154786816908459710, guid: 5883f24f41de67047b92bc6a05967538, type: 3}
      propertyPath: m_LocalPosition.y
      value: 0.596
      objectReference: {fileID: 0}
    - target: {fileID: 9154786816908459710, guid: 5883f24f41de67047b92bc6a05967538, type: 3}
      propertyPath: m_LocalPosition.z
      value: -0.319
      objectReference: {fileID: 0}
    - target: {fileID: 9154786816908459710, guid: 5883f24f41de67047b92bc6a05967538, type: 3}
      propertyPath: m_LocalRotation.w
      value: 1
      objectReference: {fileID: 0}
    - target: {fileID: 9154786816908459710, guid: 5883f24f41de67047b92bc6a05967538, type: 3}
      propertyPath: m_LocalRotation.x
      value: 0
      objectReference: {fileID: 0}
    - target: {fileID: 9154786816908459710, guid: 5883f24f41de67047b92bc6a05967538, type: 3}
      propertyPath: m_LocalRotation.y
      value: 0
      objectReference: {fileID: 0}
    - target: {fileID: 9154786816908459710, guid: 5883f24f41de67047b92bc6a05967538, type: 3}
      propertyPath: m_LocalRotation.z
      value: 0
      objectReference: {fileID: 0}
    - target: {fileID: 9154786816908459710, guid: 5883f24f41de67047b92bc6a05967538, type: 3}
      propertyPath: m_LocalEulerAnglesHint.x
      value: 0
      objectReference: {fileID: 0}
    - target: {fileID: 9154786816908459710, guid: 5883f24f41de67047b92bc6a05967538, type: 3}
      propertyPath: m_LocalEulerAnglesHint.y
      value: 0
      objectReference: {fileID: 0}
    - target: {fileID: 9154786816908459710, guid: 5883f24f41de67047b92bc6a05967538, type: 3}
      propertyPath: m_LocalEulerAnglesHint.z
      value: 0
      objectReference: {fileID: 0}
    m_RemovedComponents: []
  m_SourcePrefab: {fileID: 100100000, guid: 5883f24f41de67047b92bc6a05967538, type: 3}
--- !u!4 &6740595690045955792 stripped
Transform:
  m_CorrespondingSourceObject: {fileID: 9154786816908459710, guid: 5883f24f41de67047b92bc6a05967538, type: 3}
  m_PrefabInstance: {fileID: 2488025531949654126}
  m_PrefabAsset: {fileID: 0}
--- !u!1001 &2567629498176737002
PrefabInstance:
  m_ObjectHideFlags: 0
  serializedVersion: 2
  m_Modification:
    m_TransformParent: {fileID: 3557576055036841038}
    m_Modifications:
    - target: {fileID: 9154786816908459705, guid: 5883f24f41de67047b92bc6a05967538, type: 3}
      propertyPath: m_Name
      value: M_DM_All_Tuto_Fruit (15)
      objectReference: {fileID: 0}
    - target: {fileID: 9154786816908459708, guid: 5883f24f41de67047b92bc6a05967538, type: 3}
      propertyPath: m_Materials.Array.data[0]
      value: 
      objectReference: {fileID: 2100000, guid: 713510c78c831044fa2ffb7ec72164e1, type: 2}
    - target: {fileID: 9154786816908459709, guid: 5883f24f41de67047b92bc6a05967538, type: 3}
      propertyPath: m_Mesh
      value: 
      objectReference: {fileID: 3698767756544735340, guid: 2ba8fd2a5a5e59a46bc52fbf7afbc301, type: 3}
    - target: {fileID: 9154786816908459710, guid: 5883f24f41de67047b92bc6a05967538, type: 3}
      propertyPath: m_RootOrder
      value: 11
      objectReference: {fileID: 0}
    - target: {fileID: 9154786816908459710, guid: 5883f24f41de67047b92bc6a05967538, type: 3}
      propertyPath: m_LocalScale.x
      value: 0.5
      objectReference: {fileID: 0}
    - target: {fileID: 9154786816908459710, guid: 5883f24f41de67047b92bc6a05967538, type: 3}
      propertyPath: m_LocalScale.y
      value: 0.5
      objectReference: {fileID: 0}
    - target: {fileID: 9154786816908459710, guid: 5883f24f41de67047b92bc6a05967538, type: 3}
      propertyPath: m_LocalScale.z
      value: 0.5
      objectReference: {fileID: 0}
    - target: {fileID: 9154786816908459710, guid: 5883f24f41de67047b92bc6a05967538, type: 3}
      propertyPath: m_LocalPosition.x
      value: -0.20500004
      objectReference: {fileID: 0}
    - target: {fileID: 9154786816908459710, guid: 5883f24f41de67047b92bc6a05967538, type: 3}
      propertyPath: m_LocalPosition.y
      value: 0.596
      objectReference: {fileID: 0}
    - target: {fileID: 9154786816908459710, guid: 5883f24f41de67047b92bc6a05967538, type: 3}
      propertyPath: m_LocalPosition.z
      value: 0.089
      objectReference: {fileID: 0}
    - target: {fileID: 9154786816908459710, guid: 5883f24f41de67047b92bc6a05967538, type: 3}
      propertyPath: m_LocalRotation.w
      value: 1
      objectReference: {fileID: 0}
    - target: {fileID: 9154786816908459710, guid: 5883f24f41de67047b92bc6a05967538, type: 3}
      propertyPath: m_LocalRotation.x
      value: 0
      objectReference: {fileID: 0}
    - target: {fileID: 9154786816908459710, guid: 5883f24f41de67047b92bc6a05967538, type: 3}
      propertyPath: m_LocalRotation.y
      value: 0
      objectReference: {fileID: 0}
    - target: {fileID: 9154786816908459710, guid: 5883f24f41de67047b92bc6a05967538, type: 3}
      propertyPath: m_LocalRotation.z
      value: 0
      objectReference: {fileID: 0}
    - target: {fileID: 9154786816908459710, guid: 5883f24f41de67047b92bc6a05967538, type: 3}
      propertyPath: m_LocalEulerAnglesHint.x
      value: 0
      objectReference: {fileID: 0}
    - target: {fileID: 9154786816908459710, guid: 5883f24f41de67047b92bc6a05967538, type: 3}
      propertyPath: m_LocalEulerAnglesHint.y
      value: 0
      objectReference: {fileID: 0}
    - target: {fileID: 9154786816908459710, guid: 5883f24f41de67047b92bc6a05967538, type: 3}
      propertyPath: m_LocalEulerAnglesHint.z
      value: 0
      objectReference: {fileID: 0}
    m_RemovedComponents: []
  m_SourcePrefab: {fileID: 100100000, guid: 5883f24f41de67047b92bc6a05967538, type: 3}
--- !u!4 &6678375866812231764 stripped
Transform:
  m_CorrespondingSourceObject: {fileID: 9154786816908459710, guid: 5883f24f41de67047b92bc6a05967538, type: 3}
  m_PrefabInstance: {fileID: 2567629498176737002}
  m_PrefabAsset: {fileID: 0}
--- !u!1001 &3372374961426810068
PrefabInstance:
  m_ObjectHideFlags: 0
  serializedVersion: 2
  m_Modification:
    m_TransformParent: {fileID: 3557576055036841038}
    m_Modifications:
    - target: {fileID: -8679921383154817045, guid: 80bd5bf0b70f39f49886c067c10b753b, type: 3}
      propertyPath: m_RootOrder
      value: 2
      objectReference: {fileID: 0}
    - target: {fileID: -8679921383154817045, guid: 80bd5bf0b70f39f49886c067c10b753b, type: 3}
      propertyPath: m_LocalScale.x
      value: 0.5
      objectReference: {fileID: 0}
    - target: {fileID: -8679921383154817045, guid: 80bd5bf0b70f39f49886c067c10b753b, type: 3}
      propertyPath: m_LocalScale.y
      value: 0.5
      objectReference: {fileID: 0}
    - target: {fileID: -8679921383154817045, guid: 80bd5bf0b70f39f49886c067c10b753b, type: 3}
      propertyPath: m_LocalScale.z
      value: 0.5
      objectReference: {fileID: 0}
    - target: {fileID: -8679921383154817045, guid: 80bd5bf0b70f39f49886c067c10b753b, type: 3}
      propertyPath: m_LocalPosition.x
      value: -0.304
      objectReference: {fileID: 0}
    - target: {fileID: -8679921383154817045, guid: 80bd5bf0b70f39f49886c067c10b753b, type: 3}
      propertyPath: m_LocalPosition.y
      value: 0.594
      objectReference: {fileID: 0}
    - target: {fileID: -8679921383154817045, guid: 80bd5bf0b70f39f49886c067c10b753b, type: 3}
      propertyPath: m_LocalPosition.z
      value: -0.285
      objectReference: {fileID: 0}
    - target: {fileID: -8679921383154817045, guid: 80bd5bf0b70f39f49886c067c10b753b, type: 3}
      propertyPath: m_LocalRotation.w
      value: 0.8556131
      objectReference: {fileID: 0}
    - target: {fileID: -8679921383154817045, guid: 80bd5bf0b70f39f49886c067c10b753b, type: 3}
      propertyPath: m_LocalRotation.x
      value: -0
      objectReference: {fileID: 0}
    - target: {fileID: -8679921383154817045, guid: 80bd5bf0b70f39f49886c067c10b753b, type: 3}
      propertyPath: m_LocalRotation.y
      value: 0.51761603
      objectReference: {fileID: 0}
    - target: {fileID: -8679921383154817045, guid: 80bd5bf0b70f39f49886c067c10b753b, type: 3}
      propertyPath: m_LocalRotation.z
      value: -0
      objectReference: {fileID: 0}
    - target: {fileID: -8679921383154817045, guid: 80bd5bf0b70f39f49886c067c10b753b, type: 3}
      propertyPath: m_LocalEulerAnglesHint.x
      value: 0
      objectReference: {fileID: 0}
    - target: {fileID: -8679921383154817045, guid: 80bd5bf0b70f39f49886c067c10b753b, type: 3}
      propertyPath: m_LocalEulerAnglesHint.y
      value: 62.345
      objectReference: {fileID: 0}
    - target: {fileID: -8679921383154817045, guid: 80bd5bf0b70f39f49886c067c10b753b, type: 3}
      propertyPath: m_LocalEulerAnglesHint.z
      value: 0
      objectReference: {fileID: 0}
    - target: {fileID: -7511558181221131132, guid: 80bd5bf0b70f39f49886c067c10b753b, type: 3}
      propertyPath: m_Materials.Array.data[0]
      value: 
      objectReference: {fileID: 2100000, guid: b1e569099d10fab428c186bd1ff5b684, type: 2}
    - target: {fileID: 919132149155446097, guid: 80bd5bf0b70f39f49886c067c10b753b, type: 3}
      propertyPath: m_Name
      value: M_DM_All_Explosiv_ChampiExplo
      objectReference: {fileID: 0}
    m_RemovedComponents: []
  m_SourcePrefab: {fileID: 100100000, guid: 80bd5bf0b70f39f49886c067c10b753b, type: 3}
--- !u!1 &2453473306121697669 stripped
GameObject:
  m_CorrespondingSourceObject: {fileID: 919132149155446097, guid: 80bd5bf0b70f39f49886c067c10b753b, type: 3}
  m_PrefabInstance: {fileID: 3372374961426810068}
  m_PrefabAsset: {fileID: 0}
--- !u!4 &2974535562523386687 stripped
Transform:
  m_CorrespondingSourceObject: {fileID: -8679921383154817045, guid: 80bd5bf0b70f39f49886c067c10b753b, type: 3}
  m_PrefabInstance: {fileID: 3372374961426810068}
  m_PrefabAsset: {fileID: 0}
--- !u!1001 &3436511176300191703
PrefabInstance:
  m_ObjectHideFlags: 0
  serializedVersion: 2
  m_Modification:
    m_TransformParent: {fileID: 3557576055036841038}
    m_Modifications:
    - target: {fileID: 9154786816908459705, guid: 5883f24f41de67047b92bc6a05967538, type: 3}
      propertyPath: m_Name
      value: M_DM_All_Tuto_Fruit (12)
      objectReference: {fileID: 0}
    - target: {fileID: 9154786816908459708, guid: 5883f24f41de67047b92bc6a05967538, type: 3}
      propertyPath: m_Materials.Array.data[0]
      value: 
      objectReference: {fileID: 2100000, guid: 713510c78c831044fa2ffb7ec72164e1, type: 2}
    - target: {fileID: 9154786816908459709, guid: 5883f24f41de67047b92bc6a05967538, type: 3}
      propertyPath: m_Mesh
      value: 
      objectReference: {fileID: 3698767756544735340, guid: 2ba8fd2a5a5e59a46bc52fbf7afbc301, type: 3}
    - target: {fileID: 9154786816908459710, guid: 5883f24f41de67047b92bc6a05967538, type: 3}
      propertyPath: m_RootOrder
      value: 8
      objectReference: {fileID: 0}
    - target: {fileID: 9154786816908459710, guid: 5883f24f41de67047b92bc6a05967538, type: 3}
      propertyPath: m_LocalScale.x
      value: 0.5
      objectReference: {fileID: 0}
    - target: {fileID: 9154786816908459710, guid: 5883f24f41de67047b92bc6a05967538, type: 3}
      propertyPath: m_LocalScale.y
      value: 0.5
      objectReference: {fileID: 0}
    - target: {fileID: 9154786816908459710, guid: 5883f24f41de67047b92bc6a05967538, type: 3}
      propertyPath: m_LocalScale.z
      value: 0.5
      objectReference: {fileID: 0}
    - target: {fileID: 9154786816908459710, guid: 5883f24f41de67047b92bc6a05967538, type: 3}
      propertyPath: m_LocalPosition.x
      value: 0.383
      objectReference: {fileID: 0}
    - target: {fileID: 9154786816908459710, guid: 5883f24f41de67047b92bc6a05967538, type: 3}
      propertyPath: m_LocalPosition.y
      value: 0.596
      objectReference: {fileID: 0}
    - target: {fileID: 9154786816908459710, guid: 5883f24f41de67047b92bc6a05967538, type: 3}
      propertyPath: m_LocalPosition.z
      value: 0.119
      objectReference: {fileID: 0}
    - target: {fileID: 9154786816908459710, guid: 5883f24f41de67047b92bc6a05967538, type: 3}
      propertyPath: m_LocalRotation.w
      value: 1
      objectReference: {fileID: 0}
    - target: {fileID: 9154786816908459710, guid: 5883f24f41de67047b92bc6a05967538, type: 3}
      propertyPath: m_LocalRotation.x
      value: 0
      objectReference: {fileID: 0}
    - target: {fileID: 9154786816908459710, guid: 5883f24f41de67047b92bc6a05967538, type: 3}
      propertyPath: m_LocalRotation.y
      value: 0
      objectReference: {fileID: 0}
    - target: {fileID: 9154786816908459710, guid: 5883f24f41de67047b92bc6a05967538, type: 3}
      propertyPath: m_LocalRotation.z
      value: 0
      objectReference: {fileID: 0}
    - target: {fileID: 9154786816908459710, guid: 5883f24f41de67047b92bc6a05967538, type: 3}
      propertyPath: m_LocalEulerAnglesHint.x
      value: 0
      objectReference: {fileID: 0}
    - target: {fileID: 9154786816908459710, guid: 5883f24f41de67047b92bc6a05967538, type: 3}
      propertyPath: m_LocalEulerAnglesHint.y
      value: 0
      objectReference: {fileID: 0}
    - target: {fileID: 9154786816908459710, guid: 5883f24f41de67047b92bc6a05967538, type: 3}
      propertyPath: m_LocalEulerAnglesHint.z
      value: 0
      objectReference: {fileID: 0}
    m_RemovedComponents: []
  m_SourcePrefab: {fileID: 100100000, guid: 5883f24f41de67047b92bc6a05967538, type: 3}
--- !u!4 &5817708084948738409 stripped
Transform:
  m_CorrespondingSourceObject: {fileID: 9154786816908459710, guid: 5883f24f41de67047b92bc6a05967538, type: 3}
  m_PrefabInstance: {fileID: 3436511176300191703}
  m_PrefabAsset: {fileID: 0}
--- !u!1001 &3789626921274763141
PrefabInstance:
  m_ObjectHideFlags: 0
  serializedVersion: 2
  m_Modification:
    m_TransformParent: {fileID: 3557576055036841038}
    m_Modifications:
    - target: {fileID: 9154786816908459705, guid: 5883f24f41de67047b92bc6a05967538, type: 3}
      propertyPath: m_Name
      value: M_DM_All_Tuto_Fruit (18)
      objectReference: {fileID: 0}
    - target: {fileID: 9154786816908459708, guid: 5883f24f41de67047b92bc6a05967538, type: 3}
      propertyPath: m_Materials.Array.data[0]
      value: 
      objectReference: {fileID: 2100000, guid: 713510c78c831044fa2ffb7ec72164e1, type: 2}
    - target: {fileID: 9154786816908459709, guid: 5883f24f41de67047b92bc6a05967538, type: 3}
      propertyPath: m_Mesh
      value: 
      objectReference: {fileID: 3698767756544735340, guid: 2ba8fd2a5a5e59a46bc52fbf7afbc301, type: 3}
    - target: {fileID: 9154786816908459710, guid: 5883f24f41de67047b92bc6a05967538, type: 3}
      propertyPath: m_RootOrder
      value: 14
      objectReference: {fileID: 0}
    - target: {fileID: 9154786816908459710, guid: 5883f24f41de67047b92bc6a05967538, type: 3}
      propertyPath: m_LocalScale.x
      value: 0.5
      objectReference: {fileID: 0}
    - target: {fileID: 9154786816908459710, guid: 5883f24f41de67047b92bc6a05967538, type: 3}
      propertyPath: m_LocalScale.y
      value: 0.5
      objectReference: {fileID: 0}
    - target: {fileID: 9154786816908459710, guid: 5883f24f41de67047b92bc6a05967538, type: 3}
      propertyPath: m_LocalScale.z
      value: 0.5
      objectReference: {fileID: 0}
    - target: {fileID: 9154786816908459710, guid: 5883f24f41de67047b92bc6a05967538, type: 3}
      propertyPath: m_LocalPosition.x
      value: 0.17099996
      objectReference: {fileID: 0}
    - target: {fileID: 9154786816908459710, guid: 5883f24f41de67047b92bc6a05967538, type: 3}
      propertyPath: m_LocalPosition.y
      value: 0.598
      objectReference: {fileID: 0}
    - target: {fileID: 9154786816908459710, guid: 5883f24f41de67047b92bc6a05967538, type: 3}
      propertyPath: m_LocalPosition.z
      value: -0.358
      objectReference: {fileID: 0}
    - target: {fileID: 9154786816908459710, guid: 5883f24f41de67047b92bc6a05967538, type: 3}
      propertyPath: m_LocalRotation.w
      value: 0.97500676
      objectReference: {fileID: 0}
    - target: {fileID: 9154786816908459710, guid: 5883f24f41de67047b92bc6a05967538, type: 3}
      propertyPath: m_LocalRotation.x
      value: -0.22217529
      objectReference: {fileID: 0}
    - target: {fileID: 9154786816908459710, guid: 5883f24f41de67047b92bc6a05967538, type: 3}
      propertyPath: m_LocalRotation.y
      value: -0
      objectReference: {fileID: 0}
    - target: {fileID: 9154786816908459710, guid: 5883f24f41de67047b92bc6a05967538, type: 3}
      propertyPath: m_LocalRotation.z
      value: -0
      objectReference: {fileID: 0}
    - target: {fileID: 9154786816908459710, guid: 5883f24f41de67047b92bc6a05967538, type: 3}
      propertyPath: m_LocalEulerAnglesHint.x
      value: -25.674
      objectReference: {fileID: 0}
    - target: {fileID: 9154786816908459710, guid: 5883f24f41de67047b92bc6a05967538, type: 3}
      propertyPath: m_LocalEulerAnglesHint.y
      value: 0
      objectReference: {fileID: 0}
    - target: {fileID: 9154786816908459710, guid: 5883f24f41de67047b92bc6a05967538, type: 3}
      propertyPath: m_LocalEulerAnglesHint.z
      value: 0
      objectReference: {fileID: 0}
    m_RemovedComponents: []
  m_SourcePrefab: {fileID: 100100000, guid: 5883f24f41de67047b92bc6a05967538, type: 3}
--- !u!4 &5447987208266389819 stripped
Transform:
  m_CorrespondingSourceObject: {fileID: 9154786816908459710, guid: 5883f24f41de67047b92bc6a05967538, type: 3}
  m_PrefabInstance: {fileID: 3789626921274763141}
  m_PrefabAsset: {fileID: 0}
--- !u!1001 &4535835845759626478
PrefabInstance:
  m_ObjectHideFlags: 0
  serializedVersion: 2
  m_Modification:
    m_TransformParent: {fileID: 3557576055036841038}
    m_Modifications:
    - target: {fileID: 9154786816908459705, guid: 5883f24f41de67047b92bc6a05967538, type: 3}
      propertyPath: m_Name
      value: M_DM_All_Tuto_Fruit (13)
      objectReference: {fileID: 0}
    - target: {fileID: 9154786816908459708, guid: 5883f24f41de67047b92bc6a05967538, type: 3}
      propertyPath: m_Materials.Array.data[0]
      value: 
      objectReference: {fileID: 2100000, guid: 713510c78c831044fa2ffb7ec72164e1, type: 2}
    - target: {fileID: 9154786816908459709, guid: 5883f24f41de67047b92bc6a05967538, type: 3}
      propertyPath: m_Mesh
      value: 
      objectReference: {fileID: 3698767756544735340, guid: 2ba8fd2a5a5e59a46bc52fbf7afbc301, type: 3}
    - target: {fileID: 9154786816908459710, guid: 5883f24f41de67047b92bc6a05967538, type: 3}
      propertyPath: m_RootOrder
      value: 9
      objectReference: {fileID: 0}
    - target: {fileID: 9154786816908459710, guid: 5883f24f41de67047b92bc6a05967538, type: 3}
      propertyPath: m_LocalScale.x
      value: 0.5
      objectReference: {fileID: 0}
    - target: {fileID: 9154786816908459710, guid: 5883f24f41de67047b92bc6a05967538, type: 3}
      propertyPath: m_LocalScale.y
      value: 0.5
      objectReference: {fileID: 0}
    - target: {fileID: 9154786816908459710, guid: 5883f24f41de67047b92bc6a05967538, type: 3}
      propertyPath: m_LocalScale.z
      value: 0.5
      objectReference: {fileID: 0}
    - target: {fileID: 9154786816908459710, guid: 5883f24f41de67047b92bc6a05967538, type: 3}
      propertyPath: m_LocalPosition.x
      value: 0.29999995
      objectReference: {fileID: 0}
    - target: {fileID: 9154786816908459710, guid: 5883f24f41de67047b92bc6a05967538, type: 3}
      propertyPath: m_LocalPosition.y
      value: 0.46999997
      objectReference: {fileID: 0}
    - target: {fileID: 9154786816908459710, guid: 5883f24f41de67047b92bc6a05967538, type: 3}
      propertyPath: m_LocalPosition.z
      value: 0.335
      objectReference: {fileID: 0}
    - target: {fileID: 9154786816908459710, guid: 5883f24f41de67047b92bc6a05967538, type: 3}
      propertyPath: m_LocalRotation.w
      value: 1
      objectReference: {fileID: 0}
    - target: {fileID: 9154786816908459710, guid: 5883f24f41de67047b92bc6a05967538, type: 3}
      propertyPath: m_LocalRotation.x
      value: 0
      objectReference: {fileID: 0}
    - target: {fileID: 9154786816908459710, guid: 5883f24f41de67047b92bc6a05967538, type: 3}
      propertyPath: m_LocalRotation.y
      value: 0
      objectReference: {fileID: 0}
    - target: {fileID: 9154786816908459710, guid: 5883f24f41de67047b92bc6a05967538, type: 3}
      propertyPath: m_LocalRotation.z
      value: 0
      objectReference: {fileID: 0}
    - target: {fileID: 9154786816908459710, guid: 5883f24f41de67047b92bc6a05967538, type: 3}
      propertyPath: m_LocalEulerAnglesHint.x
      value: 0
      objectReference: {fileID: 0}
    - target: {fileID: 9154786816908459710, guid: 5883f24f41de67047b92bc6a05967538, type: 3}
      propertyPath: m_LocalEulerAnglesHint.y
      value: 0
      objectReference: {fileID: 0}
    - target: {fileID: 9154786816908459710, guid: 5883f24f41de67047b92bc6a05967538, type: 3}
      propertyPath: m_LocalEulerAnglesHint.z
      value: 0
      objectReference: {fileID: 0}
    m_RemovedComponents: []
  m_SourcePrefab: {fileID: 100100000, guid: 5883f24f41de67047b92bc6a05967538, type: 3}
--- !u!4 &4755467712522457680 stripped
Transform:
  m_CorrespondingSourceObject: {fileID: 9154786816908459710, guid: 5883f24f41de67047b92bc6a05967538, type: 3}
  m_PrefabInstance: {fileID: 4535835845759626478}
  m_PrefabAsset: {fileID: 0}
--- !u!1001 &4636199259977961138
PrefabInstance:
  m_ObjectHideFlags: 0
  serializedVersion: 2
  m_Modification:
    m_TransformParent: {fileID: 3557576055036841038}
    m_Modifications:
    - target: {fileID: -8679921383154817045, guid: 80bd5bf0b70f39f49886c067c10b753b, type: 3}
      propertyPath: m_RootOrder
      value: 3
      objectReference: {fileID: 0}
    - target: {fileID: -8679921383154817045, guid: 80bd5bf0b70f39f49886c067c10b753b, type: 3}
      propertyPath: m_LocalScale.x
      value: 0.5
      objectReference: {fileID: 0}
    - target: {fileID: -8679921383154817045, guid: 80bd5bf0b70f39f49886c067c10b753b, type: 3}
      propertyPath: m_LocalScale.y
      value: 0.5
      objectReference: {fileID: 0}
    - target: {fileID: -8679921383154817045, guid: 80bd5bf0b70f39f49886c067c10b753b, type: 3}
      propertyPath: m_LocalScale.z
      value: 0.5
      objectReference: {fileID: 0}
    - target: {fileID: -8679921383154817045, guid: 80bd5bf0b70f39f49886c067c10b753b, type: 3}
      propertyPath: m_LocalPosition.x
      value: 0.38
      objectReference: {fileID: 0}
    - target: {fileID: -8679921383154817045, guid: 80bd5bf0b70f39f49886c067c10b753b, type: 3}
      propertyPath: m_LocalPosition.y
      value: 0.594
      objectReference: {fileID: 0}
    - target: {fileID: -8679921383154817045, guid: 80bd5bf0b70f39f49886c067c10b753b, type: 3}
      propertyPath: m_LocalPosition.z
      value: 0.236
      objectReference: {fileID: 0}
    - target: {fileID: -8679921383154817045, guid: 80bd5bf0b70f39f49886c067c10b753b, type: 3}
      propertyPath: m_LocalRotation.w
      value: -0.5835157
      objectReference: {fileID: 0}
    - target: {fileID: -8679921383154817045, guid: 80bd5bf0b70f39f49886c067c10b753b, type: 3}
      propertyPath: m_LocalRotation.x
      value: -0
      objectReference: {fileID: 0}
    - target: {fileID: -8679921383154817045, guid: 80bd5bf0b70f39f49886c067c10b753b, type: 3}
      propertyPath: m_LocalRotation.y
      value: 0.81210184
      objectReference: {fileID: 0}
    - target: {fileID: -8679921383154817045, guid: 80bd5bf0b70f39f49886c067c10b753b, type: 3}
      propertyPath: m_LocalRotation.z
      value: -0
      objectReference: {fileID: 0}
    - target: {fileID: -8679921383154817045, guid: 80bd5bf0b70f39f49886c067c10b753b, type: 3}
      propertyPath: m_LocalEulerAnglesHint.x
      value: 0
      objectReference: {fileID: 0}
    - target: {fileID: -8679921383154817045, guid: 80bd5bf0b70f39f49886c067c10b753b, type: 3}
      propertyPath: m_LocalEulerAnglesHint.y
      value: 251.396
      objectReference: {fileID: 0}
    - target: {fileID: -8679921383154817045, guid: 80bd5bf0b70f39f49886c067c10b753b, type: 3}
      propertyPath: m_LocalEulerAnglesHint.z
      value: 0
      objectReference: {fileID: 0}
    - target: {fileID: -7511558181221131132, guid: 80bd5bf0b70f39f49886c067c10b753b, type: 3}
      propertyPath: m_Materials.Array.data[0]
      value: 
      objectReference: {fileID: 2100000, guid: b1e569099d10fab428c186bd1ff5b684, type: 2}
    - target: {fileID: 919132149155446097, guid: 80bd5bf0b70f39f49886c067c10b753b, type: 3}
      propertyPath: m_Name
      value: M_DM_All_Explosiv_ChampiExplo (1)
      objectReference: {fileID: 0}
    m_RemovedComponents: []
  m_SourcePrefab: {fileID: 100100000, guid: 80bd5bf0b70f39f49886c067c10b753b, type: 3}
--- !u!4 &5178488474572368217 stripped
Transform:
  m_CorrespondingSourceObject: {fileID: -8679921383154817045, guid: 80bd5bf0b70f39f49886c067c10b753b, type: 3}
  m_PrefabInstance: {fileID: 4636199259977961138}
  m_PrefabAsset: {fileID: 0}
--- !u!1 &5518738547481736163 stripped
GameObject:
  m_CorrespondingSourceObject: {fileID: 919132149155446097, guid: 80bd5bf0b70f39f49886c067c10b753b, type: 3}
  m_PrefabInstance: {fileID: 4636199259977961138}
  m_PrefabAsset: {fileID: 0}
--- !u!1001 &5649196938842373617
PrefabInstance:
  m_ObjectHideFlags: 0
  serializedVersion: 2
  m_Modification:
    m_TransformParent: {fileID: 3557576055036841038}
    m_Modifications:
    - target: {fileID: 9154786816908459705, guid: 5883f24f41de67047b92bc6a05967538, type: 3}
      propertyPath: m_Name
      value: M_DM_All_Tuto_Fruit (19)
      objectReference: {fileID: 0}
    - target: {fileID: 9154786816908459708, guid: 5883f24f41de67047b92bc6a05967538, type: 3}
      propertyPath: m_Materials.Array.data[0]
      value: 
      objectReference: {fileID: 2100000, guid: 713510c78c831044fa2ffb7ec72164e1, type: 2}
    - target: {fileID: 9154786816908459709, guid: 5883f24f41de67047b92bc6a05967538, type: 3}
      propertyPath: m_Mesh
      value: 
      objectReference: {fileID: 3698767756544735340, guid: 2ba8fd2a5a5e59a46bc52fbf7afbc301, type: 3}
    - target: {fileID: 9154786816908459710, guid: 5883f24f41de67047b92bc6a05967538, type: 3}
      propertyPath: m_RootOrder
      value: 15
      objectReference: {fileID: 0}
    - target: {fileID: 9154786816908459710, guid: 5883f24f41de67047b92bc6a05967538, type: 3}
      propertyPath: m_LocalScale.x
      value: 0.5
      objectReference: {fileID: 0}
    - target: {fileID: 9154786816908459710, guid: 5883f24f41de67047b92bc6a05967538, type: 3}
      propertyPath: m_LocalScale.y
      value: 0.5
      objectReference: {fileID: 0}
    - target: {fileID: 9154786816908459710, guid: 5883f24f41de67047b92bc6a05967538, type: 3}
      propertyPath: m_LocalScale.z
      value: 0.5
      objectReference: {fileID: 0}
    - target: {fileID: 9154786816908459710, guid: 5883f24f41de67047b92bc6a05967538, type: 3}
      propertyPath: m_LocalPosition.x
      value: -0.002
      objectReference: {fileID: 0}
    - target: {fileID: 9154786816908459710, guid: 5883f24f41de67047b92bc6a05967538, type: 3}
      propertyPath: m_LocalPosition.y
      value: 0.596
      objectReference: {fileID: 0}
    - target: {fileID: 9154786816908459710, guid: 5883f24f41de67047b92bc6a05967538, type: 3}
      propertyPath: m_LocalPosition.z
      value: 0.281
      objectReference: {fileID: 0}
    - target: {fileID: 9154786816908459710, guid: 5883f24f41de67047b92bc6a05967538, type: 3}
      propertyPath: m_LocalRotation.w
      value: 1
      objectReference: {fileID: 0}
    - target: {fileID: 9154786816908459710, guid: 5883f24f41de67047b92bc6a05967538, type: 3}
      propertyPath: m_LocalRotation.x
      value: 0
      objectReference: {fileID: 0}
    - target: {fileID: 9154786816908459710, guid: 5883f24f41de67047b92bc6a05967538, type: 3}
      propertyPath: m_LocalRotation.y
      value: 0
      objectReference: {fileID: 0}
    - target: {fileID: 9154786816908459710, guid: 5883f24f41de67047b92bc6a05967538, type: 3}
      propertyPath: m_LocalRotation.z
      value: 0
      objectReference: {fileID: 0}
    - target: {fileID: 9154786816908459710, guid: 5883f24f41de67047b92bc6a05967538, type: 3}
      propertyPath: m_LocalEulerAnglesHint.x
      value: 0
      objectReference: {fileID: 0}
    - target: {fileID: 9154786816908459710, guid: 5883f24f41de67047b92bc6a05967538, type: 3}
      propertyPath: m_LocalEulerAnglesHint.y
      value: 0
      objectReference: {fileID: 0}
    - target: {fileID: 9154786816908459710, guid: 5883f24f41de67047b92bc6a05967538, type: 3}
      propertyPath: m_LocalEulerAnglesHint.z
      value: 0
      objectReference: {fileID: 0}
    m_RemovedComponents: []
  m_SourcePrefab: {fileID: 100100000, guid: 5883f24f41de67047b92bc6a05967538, type: 3}
--- !u!4 &3560566871615701839 stripped
Transform:
  m_CorrespondingSourceObject: {fileID: 9154786816908459710, guid: 5883f24f41de67047b92bc6a05967538, type: 3}
  m_PrefabInstance: {fileID: 5649196938842373617}
  m_PrefabAsset: {fileID: 0}
--- !u!1001 &5863983842985968928
PrefabInstance:
  m_ObjectHideFlags: 0
  serializedVersion: 2
  m_Modification:
    m_TransformParent: {fileID: 3557576055036841038}
    m_Modifications:
    - target: {fileID: 9154786816908459705, guid: 5883f24f41de67047b92bc6a05967538, type: 3}
      propertyPath: m_Name
      value: M_DM_All_Tuto_Fruit (14)
      objectReference: {fileID: 0}
    - target: {fileID: 9154786816908459708, guid: 5883f24f41de67047b92bc6a05967538, type: 3}
      propertyPath: m_Materials.Array.data[0]
      value: 
      objectReference: {fileID: 2100000, guid: 713510c78c831044fa2ffb7ec72164e1, type: 2}
    - target: {fileID: 9154786816908459709, guid: 5883f24f41de67047b92bc6a05967538, type: 3}
      propertyPath: m_Mesh
      value: 
      objectReference: {fileID: 3698767756544735340, guid: 2ba8fd2a5a5e59a46bc52fbf7afbc301, type: 3}
    - target: {fileID: 9154786816908459710, guid: 5883f24f41de67047b92bc6a05967538, type: 3}
      propertyPath: m_RootOrder
      value: 10
      objectReference: {fileID: 0}
    - target: {fileID: 9154786816908459710, guid: 5883f24f41de67047b92bc6a05967538, type: 3}
      propertyPath: m_LocalScale.x
      value: 0.5
      objectReference: {fileID: 0}
    - target: {fileID: 9154786816908459710, guid: 5883f24f41de67047b92bc6a05967538, type: 3}
      propertyPath: m_LocalScale.y
      value: 0.5
      objectReference: {fileID: 0}
    - target: {fileID: 9154786816908459710, guid: 5883f24f41de67047b92bc6a05967538, type: 3}
      propertyPath: m_LocalScale.z
      value: 0.5
      objectReference: {fileID: 0}
    - target: {fileID: 9154786816908459710, guid: 5883f24f41de67047b92bc6a05967538, type: 3}
      propertyPath: m_LocalPosition.x
      value: -0.32000002
      objectReference: {fileID: 0}
    - target: {fileID: 9154786816908459710, guid: 5883f24f41de67047b92bc6a05967538, type: 3}
      propertyPath: m_LocalPosition.y
      value: 0.596
      objectReference: {fileID: 0}
    - target: {fileID: 9154786816908459710, guid: 5883f24f41de67047b92bc6a05967538, type: 3}
      propertyPath: m_LocalPosition.z
      value: 0.335
      objectReference: {fileID: 0}
    - target: {fileID: 9154786816908459710, guid: 5883f24f41de67047b92bc6a05967538, type: 3}
      propertyPath: m_LocalRotation.w
      value: 1
      objectReference: {fileID: 0}
    - target: {fileID: 9154786816908459710, guid: 5883f24f41de67047b92bc6a05967538, type: 3}
      propertyPath: m_LocalRotation.x
      value: 0
      objectReference: {fileID: 0}
    - target: {fileID: 9154786816908459710, guid: 5883f24f41de67047b92bc6a05967538, type: 3}
      propertyPath: m_LocalRotation.y
      value: 0
      objectReference: {fileID: 0}
    - target: {fileID: 9154786816908459710, guid: 5883f24f41de67047b92bc6a05967538, type: 3}
      propertyPath: m_LocalRotation.z
      value: 0
      objectReference: {fileID: 0}
    - target: {fileID: 9154786816908459710, guid: 5883f24f41de67047b92bc6a05967538, type: 3}
      propertyPath: m_LocalEulerAnglesHint.x
      value: 0
      objectReference: {fileID: 0}
    - target: {fileID: 9154786816908459710, guid: 5883f24f41de67047b92bc6a05967538, type: 3}
      propertyPath: m_LocalEulerAnglesHint.y
      value: 0
      objectReference: {fileID: 0}
    - target: {fileID: 9154786816908459710, guid: 5883f24f41de67047b92bc6a05967538, type: 3}
      propertyPath: m_LocalEulerAnglesHint.z
      value: 0
      objectReference: {fileID: 0}
    m_RemovedComponents: []
  m_SourcePrefab: {fileID: 100100000, guid: 5883f24f41de67047b92bc6a05967538, type: 3}
--- !u!4 &3345427025175182238 stripped
Transform:
  m_CorrespondingSourceObject: {fileID: 9154786816908459710, guid: 5883f24f41de67047b92bc6a05967538, type: 3}
  m_PrefabInstance: {fileID: 5863983842985968928}
  m_PrefabAsset: {fileID: 0}
--- !u!1001 &6172148398495421202
PrefabInstance:
  m_ObjectHideFlags: 0
  serializedVersion: 2
  m_Modification:
    m_TransformParent: {fileID: 3557576055036841038}
    m_Modifications:
    - target: {fileID: 9154786816908459705, guid: 5883f24f41de67047b92bc6a05967538, type: 3}
      propertyPath: m_Name
      value: M_DM_All_Tuto_Fruit (10)
      objectReference: {fileID: 0}
    - target: {fileID: 9154786816908459708, guid: 5883f24f41de67047b92bc6a05967538, type: 3}
      propertyPath: m_Materials.Array.data[0]
      value: 
      objectReference: {fileID: 2100000, guid: 713510c78c831044fa2ffb7ec72164e1, type: 2}
    - target: {fileID: 9154786816908459709, guid: 5883f24f41de67047b92bc6a05967538, type: 3}
      propertyPath: m_Mesh
      value: 
      objectReference: {fileID: 3698767756544735340, guid: 2ba8fd2a5a5e59a46bc52fbf7afbc301, type: 3}
    - target: {fileID: 9154786816908459710, guid: 5883f24f41de67047b92bc6a05967538, type: 3}
      propertyPath: m_RootOrder
      value: 5
      objectReference: {fileID: 0}
    - target: {fileID: 9154786816908459710, guid: 5883f24f41de67047b92bc6a05967538, type: 3}
      propertyPath: m_LocalScale.x
      value: 0.5
      objectReference: {fileID: 0}
    - target: {fileID: 9154786816908459710, guid: 5883f24f41de67047b92bc6a05967538, type: 3}
      propertyPath: m_LocalScale.y
      value: 0.5
      objectReference: {fileID: 0}
    - target: {fileID: 9154786816908459710, guid: 5883f24f41de67047b92bc6a05967538, type: 3}
      propertyPath: m_LocalScale.z
      value: 0.5
      objectReference: {fileID: 0}
    - target: {fileID: 9154786816908459710, guid: 5883f24f41de67047b92bc6a05967538, type: 3}
      propertyPath: m_LocalPosition.x
      value: 0.149
      objectReference: {fileID: 0}
    - target: {fileID: 9154786816908459710, guid: 5883f24f41de67047b92bc6a05967538, type: 3}
      propertyPath: m_LocalPosition.y
      value: 0.575
      objectReference: {fileID: 0}
    - target: {fileID: 9154786816908459710, guid: 5883f24f41de67047b92bc6a05967538, type: 3}
      propertyPath: m_LocalPosition.z
      value: -0.065
      objectReference: {fileID: 0}
    - target: {fileID: 9154786816908459710, guid: 5883f24f41de67047b92bc6a05967538, type: 3}
      propertyPath: m_LocalRotation.w
      value: 1
      objectReference: {fileID: 0}
    - target: {fileID: 9154786816908459710, guid: 5883f24f41de67047b92bc6a05967538, type: 3}
      propertyPath: m_LocalRotation.x
      value: 0
      objectReference: {fileID: 0}
    - target: {fileID: 9154786816908459710, guid: 5883f24f41de67047b92bc6a05967538, type: 3}
      propertyPath: m_LocalRotation.y
      value: 0
      objectReference: {fileID: 0}
    - target: {fileID: 9154786816908459710, guid: 5883f24f41de67047b92bc6a05967538, type: 3}
      propertyPath: m_LocalRotation.z
      value: 0
      objectReference: {fileID: 0}
    - target: {fileID: 9154786816908459710, guid: 5883f24f41de67047b92bc6a05967538, type: 3}
      propertyPath: m_LocalEulerAnglesHint.x
      value: 0
      objectReference: {fileID: 0}
    - target: {fileID: 9154786816908459710, guid: 5883f24f41de67047b92bc6a05967538, type: 3}
      propertyPath: m_LocalEulerAnglesHint.y
      value: 0
      objectReference: {fileID: 0}
    - target: {fileID: 9154786816908459710, guid: 5883f24f41de67047b92bc6a05967538, type: 3}
      propertyPath: m_LocalEulerAnglesHint.z
      value: 0
      objectReference: {fileID: 0}
    m_RemovedComponents: []
  m_SourcePrefab: {fileID: 100100000, guid: 5883f24f41de67047b92bc6a05967538, type: 3}
--- !u!4 &3074751690840288684 stripped
Transform:
  m_CorrespondingSourceObject: {fileID: 9154786816908459710, guid: 5883f24f41de67047b92bc6a05967538, type: 3}
  m_PrefabInstance: {fileID: 6172148398495421202}
  m_PrefabAsset: {fileID: 0}
--- !u!1001 &6539169729245371455
PrefabInstance:
  m_ObjectHideFlags: 0
  serializedVersion: 2
  m_Modification:
    m_TransformParent: {fileID: 3557576055036841038}
    m_Modifications:
    - target: {fileID: 9154786816908459705, guid: 5883f24f41de67047b92bc6a05967538, type: 3}
      propertyPath: m_Name
      value: M_DM_All_Tuto_Fruit (11)
      objectReference: {fileID: 0}
    - target: {fileID: 9154786816908459708, guid: 5883f24f41de67047b92bc6a05967538, type: 3}
      propertyPath: m_Materials.Array.data[0]
      value: 
      objectReference: {fileID: 2100000, guid: 713510c78c831044fa2ffb7ec72164e1, type: 2}
    - target: {fileID: 9154786816908459709, guid: 5883f24f41de67047b92bc6a05967538, type: 3}
      propertyPath: m_Mesh
      value: 
      objectReference: {fileID: 3698767756544735340, guid: 2ba8fd2a5a5e59a46bc52fbf7afbc301, type: 3}
    - target: {fileID: 9154786816908459710, guid: 5883f24f41de67047b92bc6a05967538, type: 3}
      propertyPath: m_RootOrder
      value: 7
      objectReference: {fileID: 0}
    - target: {fileID: 9154786816908459710, guid: 5883f24f41de67047b92bc6a05967538, type: 3}
      propertyPath: m_LocalScale.x
      value: 0.5
      objectReference: {fileID: 0}
    - target: {fileID: 9154786816908459710, guid: 5883f24f41de67047b92bc6a05967538, type: 3}
      propertyPath: m_LocalScale.y
      value: 0.5
      objectReference: {fileID: 0}
    - target: {fileID: 9154786816908459710, guid: 5883f24f41de67047b92bc6a05967538, type: 3}
      propertyPath: m_LocalScale.z
      value: 0.5
      objectReference: {fileID: 0}
    - target: {fileID: 9154786816908459710, guid: 5883f24f41de67047b92bc6a05967538, type: 3}
      propertyPath: m_LocalPosition.x
      value: 0.383
      objectReference: {fileID: 0}
    - target: {fileID: 9154786816908459710, guid: 5883f24f41de67047b92bc6a05967538, type: 3}
      propertyPath: m_LocalPosition.y
      value: 0.596
      objectReference: {fileID: 0}
    - target: {fileID: 9154786816908459710, guid: 5883f24f41de67047b92bc6a05967538, type: 3}
      propertyPath: m_LocalPosition.z
      value: -0.158
      objectReference: {fileID: 0}
    - target: {fileID: 9154786816908459710, guid: 5883f24f41de67047b92bc6a05967538, type: 3}
      propertyPath: m_LocalRotation.w
      value: 1
      objectReference: {fileID: 0}
    - target: {fileID: 9154786816908459710, guid: 5883f24f41de67047b92bc6a05967538, type: 3}
      propertyPath: m_LocalRotation.x
      value: 0
      objectReference: {fileID: 0}
    - target: {fileID: 9154786816908459710, guid: 5883f24f41de67047b92bc6a05967538, type: 3}
      propertyPath: m_LocalRotation.y
      value: 0
      objectReference: {fileID: 0}
    - target: {fileID: 9154786816908459710, guid: 5883f24f41de67047b92bc6a05967538, type: 3}
      propertyPath: m_LocalRotation.z
      value: 0
      objectReference: {fileID: 0}
    - target: {fileID: 9154786816908459710, guid: 5883f24f41de67047b92bc6a05967538, type: 3}
      propertyPath: m_LocalEulerAnglesHint.x
      value: 0
      objectReference: {fileID: 0}
    - target: {fileID: 9154786816908459710, guid: 5883f24f41de67047b92bc6a05967538, type: 3}
      propertyPath: m_LocalEulerAnglesHint.y
      value: 0
      objectReference: {fileID: 0}
    - target: {fileID: 9154786816908459710, guid: 5883f24f41de67047b92bc6a05967538, type: 3}
      propertyPath: m_LocalEulerAnglesHint.z
      value: 0
      objectReference: {fileID: 0}
    m_RemovedComponents: []
  m_SourcePrefab: {fileID: 100100000, guid: 5883f24f41de67047b92bc6a05967538, type: 3}
--- !u!4 &2716684471555957377 stripped
Transform:
  m_CorrespondingSourceObject: {fileID: 9154786816908459710, guid: 5883f24f41de67047b92bc6a05967538, type: 3}
  m_PrefabInstance: {fileID: 6539169729245371455}
  m_PrefabAsset: {fileID: 0}
--- !u!1001 &6947478678850603044
PrefabInstance:
  m_ObjectHideFlags: 0
  serializedVersion: 2
  m_Modification:
    m_TransformParent: {fileID: 3557576055036841038}
    m_Modifications:
    - target: {fileID: 9154786816908459705, guid: 5883f24f41de67047b92bc6a05967538, type: 3}
      propertyPath: m_Name
      value: M_DM_All_Tuto_Fruit (16)
      objectReference: {fileID: 0}
    - target: {fileID: 9154786816908459708, guid: 5883f24f41de67047b92bc6a05967538, type: 3}
      propertyPath: m_Materials.Array.data[0]
      value: 
      objectReference: {fileID: 2100000, guid: 713510c78c831044fa2ffb7ec72164e1, type: 2}
    - target: {fileID: 9154786816908459709, guid: 5883f24f41de67047b92bc6a05967538, type: 3}
      propertyPath: m_Mesh
      value: 
      objectReference: {fileID: 3698767756544735340, guid: 2ba8fd2a5a5e59a46bc52fbf7afbc301, type: 3}
    - target: {fileID: 9154786816908459710, guid: 5883f24f41de67047b92bc6a05967538, type: 3}
      propertyPath: m_RootOrder
      value: 12
      objectReference: {fileID: 0}
    - target: {fileID: 9154786816908459710, guid: 5883f24f41de67047b92bc6a05967538, type: 3}
      propertyPath: m_LocalScale.x
      value: 0.5
      objectReference: {fileID: 0}
    - target: {fileID: 9154786816908459710, guid: 5883f24f41de67047b92bc6a05967538, type: 3}
      propertyPath: m_LocalScale.y
      value: 0.5
      objectReference: {fileID: 0}
    - target: {fileID: 9154786816908459710, guid: 5883f24f41de67047b92bc6a05967538, type: 3}
      propertyPath: m_LocalScale.z
      value: 0.5
      objectReference: {fileID: 0}
    - target: {fileID: 9154786816908459710, guid: 5883f24f41de67047b92bc6a05967538, type: 3}
      propertyPath: m_LocalPosition.x
      value: -0.024000034
      objectReference: {fileID: 0}
    - target: {fileID: 9154786816908459710, guid: 5883f24f41de67047b92bc6a05967538, type: 3}
      propertyPath: m_LocalPosition.y
      value: 0.596
      objectReference: {fileID: 0}
    - target: {fileID: 9154786816908459710, guid: 5883f24f41de67047b92bc6a05967538, type: 3}
      propertyPath: m_LocalPosition.z
      value: -0.273
      objectReference: {fileID: 0}
    - target: {fileID: 9154786816908459710, guid: 5883f24f41de67047b92bc6a05967538, type: 3}
      propertyPath: m_LocalRotation.w
      value: 1
      objectReference: {fileID: 0}
    - target: {fileID: 9154786816908459710, guid: 5883f24f41de67047b92bc6a05967538, type: 3}
      propertyPath: m_LocalRotation.x
      value: 0
      objectReference: {fileID: 0}
    - target: {fileID: 9154786816908459710, guid: 5883f24f41de67047b92bc6a05967538, type: 3}
      propertyPath: m_LocalRotation.y
      value: 0
      objectReference: {fileID: 0}
    - target: {fileID: 9154786816908459710, guid: 5883f24f41de67047b92bc6a05967538, type: 3}
      propertyPath: m_LocalRotation.z
      value: 0
      objectReference: {fileID: 0}
    - target: {fileID: 9154786816908459710, guid: 5883f24f41de67047b92bc6a05967538, type: 3}
      propertyPath: m_LocalEulerAnglesHint.x
      value: 0
      objectReference: {fileID: 0}
    - target: {fileID: 9154786816908459710, guid: 5883f24f41de67047b92bc6a05967538, type: 3}
      propertyPath: m_LocalEulerAnglesHint.y
      value: 0
      objectReference: {fileID: 0}
    - target: {fileID: 9154786816908459710, guid: 5883f24f41de67047b92bc6a05967538, type: 3}
      propertyPath: m_LocalEulerAnglesHint.z
      value: 0
      objectReference: {fileID: 0}
    m_RemovedComponents: []
  m_SourcePrefab: {fileID: 100100000, guid: 5883f24f41de67047b92bc6a05967538, type: 3}
--- !u!4 &2262549839956702874 stripped
Transform:
  m_CorrespondingSourceObject: {fileID: 9154786816908459710, guid: 5883f24f41de67047b92bc6a05967538, type: 3}
  m_PrefabInstance: {fileID: 6947478678850603044}
  m_PrefabAsset: {fileID: 0}
