%YAML 1.1
%TAG !u! tag:unity3d.com,2011:
--- !u!1 &4185212113240217332
GameObject:
  m_ObjectHideFlags: 0
  m_CorrespondingSourceObject: {fileID: 0}
  m_PrefabInstance: {fileID: 0}
  m_PrefabAsset: {fileID: 0}
  serializedVersion: 6
  m_Component:
  - component: {fileID: 3557576055036841038}
  - component: {fileID: 500135987929089003}
  - component: {fileID: 2383565622466836257}
  m_Layer: 0
  m_Name: Small_Shelf_Mushroom_DECOR
  m_TagString: Untagged
  m_Icon: {fileID: 0}
  m_NavMeshLayer: 0
  m_StaticEditorFlags: 0
  m_IsActive: 1
--- !u!4 &3557576055036841038
Transform:
  m_ObjectHideFlags: 0
  m_CorrespondingSourceObject: {fileID: 0}
  m_PrefabInstance: {fileID: 0}
  m_PrefabAsset: {fileID: 0}
  m_GameObject: {fileID: 4185212113240217332}
  m_LocalRotation: {x: 0, y: -0, z: -0, w: 1}
  m_LocalPosition: {x: 0, y: 0, z: 0}
  m_LocalScale: {x: 1, y: 1, z: 1}
  m_Children:
  - {fileID: 3895011119915590784}
  - {fileID: 221354045952599684}
  - {fileID: 6665320431160913025}
  - {fileID: 5752197928209077894}
  - {fileID: 6151904710735432839}
  - {fileID: 6184493845476559436}
  - {fileID: 7423096785213653653}
  - {fileID: 4878922216616063439}
  - {fileID: 5087358568132879634}
  - {fileID: 8712198879680749206}
  - {fileID: 4106315152213934355}
  - {fileID: 5971145634853102982}
  - {fileID: 2718302149448844718}
  - {fileID: 6679794583970304313}
  - {fileID: 7192624378775750870}
  - {fileID: 5512077665527024657}
  - {fileID: 8113339946980592140}
  m_Father: {fileID: 0}
  m_RootOrder: 0
  m_LocalEulerAnglesHint: {x: 0, y: 0, z: 0}
--- !u!33 &500135987929089003
MeshFilter:
  m_ObjectHideFlags: 0
  m_CorrespondingSourceObject: {fileID: 0}
  m_PrefabInstance: {fileID: 0}
  m_PrefabAsset: {fileID: 0}
  m_GameObject: {fileID: 4185212113240217332}
  m_Mesh: {fileID: 782995791552179045, guid: 2a903f29b0b1e0d4e99b96039e4f12f4, type: 3}
--- !u!23 &2383565622466836257
MeshRenderer:
  m_ObjectHideFlags: 0
  m_CorrespondingSourceObject: {fileID: 0}
  m_PrefabInstance: {fileID: 0}
  m_PrefabAsset: {fileID: 0}
  m_GameObject: {fileID: 4185212113240217332}
  m_Enabled: 1
  m_CastShadows: 1
  m_ReceiveShadows: 1
  m_DynamicOccludee: 1
  m_MotionVectors: 1
  m_LightProbeUsage: 1
  m_ReflectionProbeUsage: 1
  m_RayTracingMode: 2
  m_RayTraceProcedural: 0
  m_RenderingLayerMask: 1
  m_RendererPriority: 0
  m_Materials:
  - {fileID: 2100000, guid: 713510c78c831044fa2ffb7ec72164e1, type: 2}
  - {fileID: 2100000, guid: 58156e373dcb24f4a930bf22d3cae88a, type: 2}
  m_StaticBatchInfo:
    firstSubMesh: 0
    subMeshCount: 0
  m_StaticBatchRoot: {fileID: 0}
  m_ProbeAnchor: {fileID: 0}
  m_LightProbeVolumeOverride: {fileID: 0}
  m_ScaleInLightmap: 1
  m_ReceiveGI: 1
  m_PreserveUVs: 0
  m_IgnoreNormalsForChartDetection: 0
  m_ImportantGI: 0
  m_StitchLightmapSeams: 1
  m_SelectedEditorRenderState: 3
  m_MinimumChartSize: 4
  m_AutoUVMaxDistance: 0.5
  m_AutoUVMaxAngle: 89
  m_LightmapParameters: {fileID: 0}
  m_SortingLayerID: 0
  m_SortingLayer: 0
  m_SortingOrder: 0
  m_AdditionalVertexStreams: {fileID: 0}
--- !u!1001 &570730801330429992
PrefabInstance:
  m_ObjectHideFlags: 0
  serializedVersion: 2
  m_Modification:
    m_TransformParent: {fileID: 3557576055036841038}
    m_Modifications:
    - target: {fileID: 9154786816908459705, guid: 5883f24f41de67047b92bc6a05967538, type: 3}
      propertyPath: m_Name
      value: M_DM_All_Tuto_Fruit (12)
      objectReference: {fileID: 0}
    - target: {fileID: 9154786816908459708, guid: 5883f24f41de67047b92bc6a05967538, type: 3}
      propertyPath: m_Materials.Array.data[0]
      value: 
      objectReference: {fileID: 2100000, guid: 713510c78c831044fa2ffb7ec72164e1, type: 2}
    - target: {fileID: 9154786816908459709, guid: 5883f24f41de67047b92bc6a05967538, type: 3}
      propertyPath: m_Mesh
      value: 
      objectReference: {fileID: 3698767756544735340, guid: 2ba8fd2a5a5e59a46bc52fbf7afbc301, type: 3}
    - target: {fileID: 9154786816908459710, guid: 5883f24f41de67047b92bc6a05967538, type: 3}
      propertyPath: m_RootOrder
      value: 9
      objectReference: {fileID: 0}
    - target: {fileID: 9154786816908459710, guid: 5883f24f41de67047b92bc6a05967538, type: 3}
      propertyPath: m_LocalScale.x
      value: 0.5
      objectReference: {fileID: 0}
    - target: {fileID: 9154786816908459710, guid: 5883f24f41de67047b92bc6a05967538, type: 3}
      propertyPath: m_LocalScale.y
      value: 0.5
      objectReference: {fileID: 0}
    - target: {fileID: 9154786816908459710, guid: 5883f24f41de67047b92bc6a05967538, type: 3}
      propertyPath: m_LocalScale.z
      value: 0.5
      objectReference: {fileID: 0}
    - target: {fileID: 9154786816908459710, guid: 5883f24f41de67047b92bc6a05967538, type: 3}
      propertyPath: m_LocalPosition.x
      value: 0.35700002
      objectReference: {fileID: 0}
    - target: {fileID: 9154786816908459710, guid: 5883f24f41de67047b92bc6a05967538, type: 3}
      propertyPath: m_LocalPosition.y
      value: 0.596
      objectReference: {fileID: 0}
    - target: {fileID: 9154786816908459710, guid: 5883f24f41de67047b92bc6a05967538, type: 3}
      propertyPath: m_LocalPosition.z
      value: 0.119
      objectReference: {fileID: 0}
    - target: {fileID: 9154786816908459710, guid: 5883f24f41de67047b92bc6a05967538, type: 3}
      propertyPath: m_LocalRotation.w
      value: 1
      objectReference: {fileID: 0}
    - target: {fileID: 9154786816908459710, guid: 5883f24f41de67047b92bc6a05967538, type: 3}
      propertyPath: m_LocalRotation.x
      value: 0
      objectReference: {fileID: 0}
    - target: {fileID: 9154786816908459710, guid: 5883f24f41de67047b92bc6a05967538, type: 3}
      propertyPath: m_LocalRotation.y
      value: 0
      objectReference: {fileID: 0}
    - target: {fileID: 9154786816908459710, guid: 5883f24f41de67047b92bc6a05967538, type: 3}
      propertyPath: m_LocalRotation.z
      value: 0
      objectReference: {fileID: 0}
    - target: {fileID: 9154786816908459710, guid: 5883f24f41de67047b92bc6a05967538, type: 3}
      propertyPath: m_LocalEulerAnglesHint.x
      value: 0
      objectReference: {fileID: 0}
    - target: {fileID: 9154786816908459710, guid: 5883f24f41de67047b92bc6a05967538, type: 3}
      propertyPath: m_LocalEulerAnglesHint.y
      value: 0
      objectReference: {fileID: 0}
    - target: {fileID: 9154786816908459710, guid: 5883f24f41de67047b92bc6a05967538, type: 3}
      propertyPath: m_LocalEulerAnglesHint.z
      value: 0
      objectReference: {fileID: 0}
    m_RemovedComponents:
    - {fileID: 1507709140800944582, guid: 5883f24f41de67047b92bc6a05967538, type: 3}
    - {fileID: 9154786816908459711, guid: 5883f24f41de67047b92bc6a05967538, type: 3}
  m_SourcePrefab: {fileID: 100100000, guid: 5883f24f41de67047b92bc6a05967538, type: 3}
--- !u!4 &8712198879680749206 stripped
Transform:
  m_CorrespondingSourceObject: {fileID: 9154786816908459710, guid: 5883f24f41de67047b92bc6a05967538, type: 3}
  m_PrefabInstance: {fileID: 570730801330429992}
  m_PrefabAsset: {fileID: 0}
--- !u!1001 &1122532828869964978
PrefabInstance:
  m_ObjectHideFlags: 0
  serializedVersion: 2
  m_Modification:
    m_TransformParent: {fileID: 3557576055036841038}
    m_Modifications:
    - target: {fileID: 9154786816908459705, guid: 5883f24f41de67047b92bc6a05967538, type: 3}
      propertyPath: m_Name
      value: M_DM_All_Tuto_Fruit (19)
      objectReference: {fileID: 0}
    - target: {fileID: 9154786816908459708, guid: 5883f24f41de67047b92bc6a05967538, type: 3}
      propertyPath: m_Materials.Array.data[0]
      value: 
      objectReference: {fileID: 2100000, guid: 713510c78c831044fa2ffb7ec72164e1, type: 2}
    - target: {fileID: 9154786816908459709, guid: 5883f24f41de67047b92bc6a05967538, type: 3}
      propertyPath: m_Mesh
      value: 
      objectReference: {fileID: 3698767756544735340, guid: 2ba8fd2a5a5e59a46bc52fbf7afbc301, type: 3}
    - target: {fileID: 9154786816908459710, guid: 5883f24f41de67047b92bc6a05967538, type: 3}
      propertyPath: m_RootOrder
      value: 16
      objectReference: {fileID: 0}
    - target: {fileID: 9154786816908459710, guid: 5883f24f41de67047b92bc6a05967538, type: 3}
      propertyPath: m_LocalScale.x
      value: 0.5
      objectReference: {fileID: 0}
    - target: {fileID: 9154786816908459710, guid: 5883f24f41de67047b92bc6a05967538, type: 3}
      propertyPath: m_LocalScale.y
      value: 0.5
      objectReference: {fileID: 0}
    - target: {fileID: 9154786816908459710, guid: 5883f24f41de67047b92bc6a05967538, type: 3}
      propertyPath: m_LocalScale.z
      value: 0.5
      objectReference: {fileID: 0}
    - target: {fileID: 9154786816908459710, guid: 5883f24f41de67047b92bc6a05967538, type: 3}
      propertyPath: m_LocalPosition.x
      value: -0.115
      objectReference: {fileID: 0}
    - target: {fileID: 9154786816908459710, guid: 5883f24f41de67047b92bc6a05967538, type: 3}
      propertyPath: m_LocalPosition.y
      value: 0.647
      objectReference: {fileID: 0}
    - target: {fileID: 9154786816908459710, guid: 5883f24f41de67047b92bc6a05967538, type: 3}
      propertyPath: m_LocalPosition.z
      value: -0.044
      objectReference: {fileID: 0}
    - target: {fileID: 9154786816908459710, guid: 5883f24f41de67047b92bc6a05967538, type: 3}
      propertyPath: m_LocalRotation.w
      value: 0.82888085
      objectReference: {fileID: 0}
    - target: {fileID: 9154786816908459710, guid: 5883f24f41de67047b92bc6a05967538, type: 3}
      propertyPath: m_LocalRotation.x
      value: -0.090846345
      objectReference: {fileID: 0}
    - target: {fileID: 9154786816908459710, guid: 5883f24f41de67047b92bc6a05967538, type: 3}
      propertyPath: m_LocalRotation.y
      value: 0.53366065
      objectReference: {fileID: 0}
    - target: {fileID: 9154786816908459710, guid: 5883f24f41de67047b92bc6a05967538, type: 3}
      propertyPath: m_LocalRotation.z
      value: 0.14110248
      objectReference: {fileID: 0}
    - target: {fileID: 9154786816908459710, guid: 5883f24f41de67047b92bc6a05967538, type: 3}
      propertyPath: m_LocalEulerAnglesHint.x
      value: -17.53
      objectReference: {fileID: 0}
    - target: {fileID: 9154786816908459710, guid: 5883f24f41de67047b92bc6a05967538, type: 3}
      propertyPath: m_LocalEulerAnglesHint.y
      value: 64.274
      objectReference: {fileID: 0}
    - target: {fileID: 9154786816908459710, guid: 5883f24f41de67047b92bc6a05967538, type: 3}
      propertyPath: m_LocalEulerAnglesHint.z
      value: 8.257
      objectReference: {fileID: 0}
    m_RemovedComponents:
    - {fileID: 1507709140800944582, guid: 5883f24f41de67047b92bc6a05967538, type: 3}
    - {fileID: 9154786816908459711, guid: 5883f24f41de67047b92bc6a05967538, type: 3}
  m_SourcePrefab: {fileID: 100100000, guid: 5883f24f41de67047b92bc6a05967538, type: 3}
--- !u!4 &8113339946980592140 stripped
Transform:
  m_CorrespondingSourceObject: {fileID: 9154786816908459710, guid: 5883f24f41de67047b92bc6a05967538, type: 3}
  m_PrefabInstance: {fileID: 1122532828869964978}
  m_PrefabAsset: {fileID: 0}
--- !u!1001 &1731762877561371691
PrefabInstance:
  m_ObjectHideFlags: 0
  serializedVersion: 2
  m_Modification:
    m_TransformParent: {fileID: 3557576055036841038}
    m_Modifications:
    - target: {fileID: 9154786816908459705, guid: 5883f24f41de67047b92bc6a05967538, type: 3}
      propertyPath: m_Name
      value: M_DM_All_Tuto_Fruit (10)
      objectReference: {fileID: 0}
    - target: {fileID: 9154786816908459708, guid: 5883f24f41de67047b92bc6a05967538, type: 3}
      propertyPath: m_Materials.Array.data[0]
      value: 
      objectReference: {fileID: 2100000, guid: 713510c78c831044fa2ffb7ec72164e1, type: 2}
    - target: {fileID: 9154786816908459709, guid: 5883f24f41de67047b92bc6a05967538, type: 3}
      propertyPath: m_Mesh
      value: 
      objectReference: {fileID: 3698767756544735340, guid: 2ba8fd2a5a5e59a46bc52fbf7afbc301, type: 3}
    - target: {fileID: 9154786816908459710, guid: 5883f24f41de67047b92bc6a05967538, type: 3}
      propertyPath: m_RootOrder
      value: 6
      objectReference: {fileID: 0}
    - target: {fileID: 9154786816908459710, guid: 5883f24f41de67047b92bc6a05967538, type: 3}
      propertyPath: m_LocalScale.x
      value: 0.5
      objectReference: {fileID: 0}
    - target: {fileID: 9154786816908459710, guid: 5883f24f41de67047b92bc6a05967538, type: 3}
      propertyPath: m_LocalScale.y
      value: 0.5
      objectReference: {fileID: 0}
    - target: {fileID: 9154786816908459710, guid: 5883f24f41de67047b92bc6a05967538, type: 3}
      propertyPath: m_LocalScale.z
      value: 0.5
      objectReference: {fileID: 0}
    - target: {fileID: 9154786816908459710, guid: 5883f24f41de67047b92bc6a05967538, type: 3}
      propertyPath: m_LocalPosition.x
      value: 0.259
      objectReference: {fileID: 0}
    - target: {fileID: 9154786816908459710, guid: 5883f24f41de67047b92bc6a05967538, type: 3}
      propertyPath: m_LocalPosition.y
      value: 0.575
      objectReference: {fileID: 0}
    - target: {fileID: 9154786816908459710, guid: 5883f24f41de67047b92bc6a05967538, type: 3}
      propertyPath: m_LocalPosition.z
      value: -0.044
      objectReference: {fileID: 0}
    - target: {fileID: 9154786816908459710, guid: 5883f24f41de67047b92bc6a05967538, type: 3}
      propertyPath: m_LocalRotation.w
      value: 1
      objectReference: {fileID: 0}
    - target: {fileID: 9154786816908459710, guid: 5883f24f41de67047b92bc6a05967538, type: 3}
      propertyPath: m_LocalRotation.x
      value: 0
      objectReference: {fileID: 0}
    - target: {fileID: 9154786816908459710, guid: 5883f24f41de67047b92bc6a05967538, type: 3}
      propertyPath: m_LocalRotation.y
      value: 0
      objectReference: {fileID: 0}
    - target: {fileID: 9154786816908459710, guid: 5883f24f41de67047b92bc6a05967538, type: 3}
      propertyPath: m_LocalRotation.z
      value: 0
      objectReference: {fileID: 0}
    - target: {fileID: 9154786816908459710, guid: 5883f24f41de67047b92bc6a05967538, type: 3}
      propertyPath: m_LocalEulerAnglesHint.x
      value: 0
      objectReference: {fileID: 0}
    - target: {fileID: 9154786816908459710, guid: 5883f24f41de67047b92bc6a05967538, type: 3}
      propertyPath: m_LocalEulerAnglesHint.y
      value: 0
      objectReference: {fileID: 0}
    - target: {fileID: 9154786816908459710, guid: 5883f24f41de67047b92bc6a05967538, type: 3}
      propertyPath: m_LocalEulerAnglesHint.z
      value: 0
      objectReference: {fileID: 0}
    m_RemovedComponents:
    - {fileID: 1507709140800944582, guid: 5883f24f41de67047b92bc6a05967538, type: 3}
    - {fileID: 9154786816908459711, guid: 5883f24f41de67047b92bc6a05967538, type: 3}
  m_SourcePrefab: {fileID: 100100000, guid: 5883f24f41de67047b92bc6a05967538, type: 3}
--- !u!4 &7423096785213653653 stripped
Transform:
  m_CorrespondingSourceObject: {fileID: 9154786816908459710, guid: 5883f24f41de67047b92bc6a05967538, type: 3}
  m_PrefabInstance: {fileID: 1731762877561371691}
  m_PrefabAsset: {fileID: 0}
--- !u!1001 &2079822832182736488
PrefabInstance:
  m_ObjectHideFlags: 0
  serializedVersion: 2
  m_Modification:
    m_TransformParent: {fileID: 3557576055036841038}
    m_Modifications:
    - target: {fileID: 9154786816908459705, guid: 5883f24f41de67047b92bc6a05967538, type: 3}
      propertyPath: m_Name
      value: M_DM_All_Tuto_Fruit (17)
      objectReference: {fileID: 0}
    - target: {fileID: 9154786816908459708, guid: 5883f24f41de67047b92bc6a05967538, type: 3}
      propertyPath: m_Materials.Array.data[0]
      value: 
      objectReference: {fileID: 2100000, guid: 713510c78c831044fa2ffb7ec72164e1, type: 2}
    - target: {fileID: 9154786816908459709, guid: 5883f24f41de67047b92bc6a05967538, type: 3}
      propertyPath: m_Mesh
      value: 
      objectReference: {fileID: 3698767756544735340, guid: 2ba8fd2a5a5e59a46bc52fbf7afbc301, type: 3}
    - target: {fileID: 9154786816908459710, guid: 5883f24f41de67047b92bc6a05967538, type: 3}
      propertyPath: m_RootOrder
      value: 14
      objectReference: {fileID: 0}
    - target: {fileID: 9154786816908459710, guid: 5883f24f41de67047b92bc6a05967538, type: 3}
      propertyPath: m_LocalScale.x
      value: 0.5
      objectReference: {fileID: 0}
    - target: {fileID: 9154786816908459710, guid: 5883f24f41de67047b92bc6a05967538, type: 3}
      propertyPath: m_LocalScale.y
      value: 0.5
      objectReference: {fileID: 0}
    - target: {fileID: 9154786816908459710, guid: 5883f24f41de67047b92bc6a05967538, type: 3}
      propertyPath: m_LocalScale.z
      value: 0.5
      objectReference: {fileID: 0}
    - target: {fileID: 9154786816908459710, guid: 5883f24f41de67047b92bc6a05967538, type: 3}
      propertyPath: m_LocalPosition.x
      value: -0.26900002
      objectReference: {fileID: 0}
    - target: {fileID: 9154786816908459710, guid: 5883f24f41de67047b92bc6a05967538, type: 3}
      propertyPath: m_LocalPosition.y
      value: 0.596
      objectReference: {fileID: 0}
    - target: {fileID: 9154786816908459710, guid: 5883f24f41de67047b92bc6a05967538, type: 3}
      propertyPath: m_LocalPosition.z
      value: -0.319
      objectReference: {fileID: 0}
    - target: {fileID: 9154786816908459710, guid: 5883f24f41de67047b92bc6a05967538, type: 3}
      propertyPath: m_LocalRotation.w
      value: 1
      objectReference: {fileID: 0}
    - target: {fileID: 9154786816908459710, guid: 5883f24f41de67047b92bc6a05967538, type: 3}
      propertyPath: m_LocalRotation.x
      value: 0
      objectReference: {fileID: 0}
    - target: {fileID: 9154786816908459710, guid: 5883f24f41de67047b92bc6a05967538, type: 3}
      propertyPath: m_LocalRotation.y
      value: 0
      objectReference: {fileID: 0}
    - target: {fileID: 9154786816908459710, guid: 5883f24f41de67047b92bc6a05967538, type: 3}
      propertyPath: m_LocalRotation.z
      value: 0
      objectReference: {fileID: 0}
    - target: {fileID: 9154786816908459710, guid: 5883f24f41de67047b92bc6a05967538, type: 3}
      propertyPath: m_LocalEulerAnglesHint.x
      value: 0
      objectReference: {fileID: 0}
    - target: {fileID: 9154786816908459710, guid: 5883f24f41de67047b92bc6a05967538, type: 3}
      propertyPath: m_LocalEulerAnglesHint.y
      value: 0
      objectReference: {fileID: 0}
    - target: {fileID: 9154786816908459710, guid: 5883f24f41de67047b92bc6a05967538, type: 3}
      propertyPath: m_LocalEulerAnglesHint.z
      value: 0
      objectReference: {fileID: 0}
    m_RemovedComponents:
    - {fileID: 1507709140800944582, guid: 5883f24f41de67047b92bc6a05967538, type: 3}
    - {fileID: 9154786816908459711, guid: 5883f24f41de67047b92bc6a05967538, type: 3}
  m_SourcePrefab: {fileID: 100100000, guid: 5883f24f41de67047b92bc6a05967538, type: 3}
--- !u!4 &7192624378775750870 stripped
Transform:
  m_CorrespondingSourceObject: {fileID: 9154786816908459710, guid: 5883f24f41de67047b92bc6a05967538, type: 3}
  m_PrefabInstance: {fileID: 2079822832182736488}
  m_PrefabAsset: {fileID: 0}
--- !u!1001 &2554578400442192447
PrefabInstance:
  m_ObjectHideFlags: 0
  serializedVersion: 2
  m_Modification:
    m_TransformParent: {fileID: 3557576055036841038}
    m_Modifications:
    - target: {fileID: 9154786816908459705, guid: 5883f24f41de67047b92bc6a05967538, type: 3}
      propertyPath: m_Name
      value: M_DM_All_Tuto_Fruit (6)
      objectReference: {fileID: 0}
    - target: {fileID: 9154786816908459708, guid: 5883f24f41de67047b92bc6a05967538, type: 3}
      propertyPath: m_Materials.Array.data[0]
      value: 
      objectReference: {fileID: 2100000, guid: 713510c78c831044fa2ffb7ec72164e1, type: 2}
    - target: {fileID: 9154786816908459709, guid: 5883f24f41de67047b92bc6a05967538, type: 3}
      propertyPath: m_Mesh
      value: 
      objectReference: {fileID: 3698767756544735340, guid: 2ba8fd2a5a5e59a46bc52fbf7afbc301, type: 3}
    - target: {fileID: 9154786816908459710, guid: 5883f24f41de67047b92bc6a05967538, type: 3}
      propertyPath: m_RootOrder
      value: 2
      objectReference: {fileID: 0}
    - target: {fileID: 9154786816908459710, guid: 5883f24f41de67047b92bc6a05967538, type: 3}
      propertyPath: m_LocalScale.x
      value: 0.5
      objectReference: {fileID: 0}
    - target: {fileID: 9154786816908459710, guid: 5883f24f41de67047b92bc6a05967538, type: 3}
      propertyPath: m_LocalScale.y
      value: 0.5
      objectReference: {fileID: 0}
    - target: {fileID: 9154786816908459710, guid: 5883f24f41de67047b92bc6a05967538, type: 3}
      propertyPath: m_LocalScale.z
      value: 0.5
      objectReference: {fileID: 0}
    - target: {fileID: 9154786816908459710, guid: 5883f24f41de67047b92bc6a05967538, type: 3}
      propertyPath: m_LocalPosition.x
      value: -0.267
      objectReference: {fileID: 0}
    - target: {fileID: 9154786816908459710, guid: 5883f24f41de67047b92bc6a05967538, type: 3}
      propertyPath: m_LocalPosition.y
      value: 0.596
      objectReference: {fileID: 0}
    - target: {fileID: 9154786816908459710, guid: 5883f24f41de67047b92bc6a05967538, type: 3}
      propertyPath: m_LocalPosition.z
      value: -0.14899999
      objectReference: {fileID: 0}
    - target: {fileID: 9154786816908459710, guid: 5883f24f41de67047b92bc6a05967538, type: 3}
      propertyPath: m_LocalRotation.w
      value: 1
      objectReference: {fileID: 0}
    - target: {fileID: 9154786816908459710, guid: 5883f24f41de67047b92bc6a05967538, type: 3}
      propertyPath: m_LocalRotation.x
      value: 0
      objectReference: {fileID: 0}
    - target: {fileID: 9154786816908459710, guid: 5883f24f41de67047b92bc6a05967538, type: 3}
      propertyPath: m_LocalRotation.y
      value: 0
      objectReference: {fileID: 0}
    - target: {fileID: 9154786816908459710, guid: 5883f24f41de67047b92bc6a05967538, type: 3}
      propertyPath: m_LocalRotation.z
      value: 0
      objectReference: {fileID: 0}
    - target: {fileID: 9154786816908459710, guid: 5883f24f41de67047b92bc6a05967538, type: 3}
      propertyPath: m_LocalEulerAnglesHint.x
      value: 0
      objectReference: {fileID: 0}
    - target: {fileID: 9154786816908459710, guid: 5883f24f41de67047b92bc6a05967538, type: 3}
      propertyPath: m_LocalEulerAnglesHint.y
      value: 0
      objectReference: {fileID: 0}
    - target: {fileID: 9154786816908459710, guid: 5883f24f41de67047b92bc6a05967538, type: 3}
      propertyPath: m_LocalEulerAnglesHint.z
      value: 0
      objectReference: {fileID: 0}
    m_RemovedComponents:
    - {fileID: 1507709140800944582, guid: 5883f24f41de67047b92bc6a05967538, type: 3}
    - {fileID: 9154786816908459711, guid: 5883f24f41de67047b92bc6a05967538, type: 3}
  m_SourcePrefab: {fileID: 100100000, guid: 5883f24f41de67047b92bc6a05967538, type: 3}
--- !u!4 &6665320431160913025 stripped
Transform:
  m_CorrespondingSourceObject: {fileID: 9154786816908459710, guid: 5883f24f41de67047b92bc6a05967538, type: 3}
  m_PrefabInstance: {fileID: 2554578400442192447}
  m_PrefabAsset: {fileID: 0}
--- !u!1001 &2575834495062192007
PrefabInstance:
  m_ObjectHideFlags: 0
  serializedVersion: 2
  m_Modification:
    m_TransformParent: {fileID: 3557576055036841038}
    m_Modifications:
    - target: {fileID: 9154786816908459705, guid: 5883f24f41de67047b92bc6a05967538, type: 3}
      propertyPath: m_Name
      value: M_DM_All_Tuto_Fruit (16)
      objectReference: {fileID: 0}
    - target: {fileID: 9154786816908459708, guid: 5883f24f41de67047b92bc6a05967538, type: 3}
      propertyPath: m_Materials.Array.data[0]
      value: 
      objectReference: {fileID: 2100000, guid: 713510c78c831044fa2ffb7ec72164e1, type: 2}
    - target: {fileID: 9154786816908459709, guid: 5883f24f41de67047b92bc6a05967538, type: 3}
      propertyPath: m_Mesh
      value: 
      objectReference: {fileID: 3698767756544735340, guid: 2ba8fd2a5a5e59a46bc52fbf7afbc301, type: 3}
    - target: {fileID: 9154786816908459710, guid: 5883f24f41de67047b92bc6a05967538, type: 3}
      propertyPath: m_RootOrder
      value: 13
      objectReference: {fileID: 0}
    - target: {fileID: 9154786816908459710, guid: 5883f24f41de67047b92bc6a05967538, type: 3}
      propertyPath: m_LocalScale.x
      value: 0.5
      objectReference: {fileID: 0}
    - target: {fileID: 9154786816908459710, guid: 5883f24f41de67047b92bc6a05967538, type: 3}
      propertyPath: m_LocalScale.y
      value: 0.5
      objectReference: {fileID: 0}
    - target: {fileID: 9154786816908459710, guid: 5883f24f41de67047b92bc6a05967538, type: 3}
      propertyPath: m_LocalScale.z
      value: 0.5
      objectReference: {fileID: 0}
    - target: {fileID: 9154786816908459710, guid: 5883f24f41de67047b92bc6a05967538, type: 3}
      propertyPath: m_LocalPosition.x
      value: -0.049999997
      objectReference: {fileID: 0}
    - target: {fileID: 9154786816908459710, guid: 5883f24f41de67047b92bc6a05967538, type: 3}
      propertyPath: m_LocalPosition.y
      value: 0.596
      objectReference: {fileID: 0}
    - target: {fileID: 9154786816908459710, guid: 5883f24f41de67047b92bc6a05967538, type: 3}
      propertyPath: m_LocalPosition.z
      value: -0.273
      objectReference: {fileID: 0}
    - target: {fileID: 9154786816908459710, guid: 5883f24f41de67047b92bc6a05967538, type: 3}
      propertyPath: m_LocalRotation.w
      value: 1
      objectReference: {fileID: 0}
    - target: {fileID: 9154786816908459710, guid: 5883f24f41de67047b92bc6a05967538, type: 3}
      propertyPath: m_LocalRotation.x
      value: 0
      objectReference: {fileID: 0}
    - target: {fileID: 9154786816908459710, guid: 5883f24f41de67047b92bc6a05967538, type: 3}
      propertyPath: m_LocalRotation.y
      value: 0
      objectReference: {fileID: 0}
    - target: {fileID: 9154786816908459710, guid: 5883f24f41de67047b92bc6a05967538, type: 3}
      propertyPath: m_LocalRotation.z
      value: 0
      objectReference: {fileID: 0}
    - target: {fileID: 9154786816908459710, guid: 5883f24f41de67047b92bc6a05967538, type: 3}
      propertyPath: m_LocalEulerAnglesHint.x
      value: 0
      objectReference: {fileID: 0}
    - target: {fileID: 9154786816908459710, guid: 5883f24f41de67047b92bc6a05967538, type: 3}
      propertyPath: m_LocalEulerAnglesHint.y
      value: 0
      objectReference: {fileID: 0}
    - target: {fileID: 9154786816908459710, guid: 5883f24f41de67047b92bc6a05967538, type: 3}
      propertyPath: m_LocalEulerAnglesHint.z
      value: 0
      objectReference: {fileID: 0}
    m_RemovedComponents:
    - {fileID: 1507709140800944582, guid: 5883f24f41de67047b92bc6a05967538, type: 3}
    - {fileID: 9154786816908459711, guid: 5883f24f41de67047b92bc6a05967538, type: 3}
  m_SourcePrefab: {fileID: 100100000, guid: 5883f24f41de67047b92bc6a05967538, type: 3}
--- !u!4 &6679794583970304313 stripped
Transform:
  m_CorrespondingSourceObject: {fileID: 9154786816908459710, guid: 5883f24f41de67047b92bc6a05967538, type: 3}
  m_PrefabInstance: {fileID: 2575834495062192007}
  m_PrefabAsset: {fileID: 0}
--- !u!1001 &3049960208239555129
PrefabInstance:
  m_ObjectHideFlags: 0
  serializedVersion: 2
  m_Modification:
    m_TransformParent: {fileID: 3557576055036841038}
    m_Modifications:
    - target: {fileID: 9154786816908459705, guid: 5883f24f41de67047b92bc6a05967538, type: 3}
      propertyPath: m_Name
      value: M_DM_All_Tuto_Fruit (8)
      objectReference: {fileID: 0}
    - target: {fileID: 9154786816908459708, guid: 5883f24f41de67047b92bc6a05967538, type: 3}
      propertyPath: m_Materials.Array.data[0]
      value: 
      objectReference: {fileID: 2100000, guid: 713510c78c831044fa2ffb7ec72164e1, type: 2}
    - target: {fileID: 9154786816908459709, guid: 5883f24f41de67047b92bc6a05967538, type: 3}
      propertyPath: m_Mesh
      value: 
      objectReference: {fileID: 3698767756544735340, guid: 2ba8fd2a5a5e59a46bc52fbf7afbc301, type: 3}
    - target: {fileID: 9154786816908459710, guid: 5883f24f41de67047b92bc6a05967538, type: 3}
      propertyPath: m_RootOrder
      value: 4
      objectReference: {fileID: 0}
    - target: {fileID: 9154786816908459710, guid: 5883f24f41de67047b92bc6a05967538, type: 3}
      propertyPath: m_LocalScale.x
      value: 0.5
      objectReference: {fileID: 0}
    - target: {fileID: 9154786816908459710, guid: 5883f24f41de67047b92bc6a05967538, type: 3}
      propertyPath: m_LocalScale.y
      value: 0.5
      objectReference: {fileID: 0}
    - target: {fileID: 9154786816908459710, guid: 5883f24f41de67047b92bc6a05967538, type: 3}
      propertyPath: m_LocalScale.z
      value: 0.5
      objectReference: {fileID: 0}
    - target: {fileID: 9154786816908459710, guid: 5883f24f41de67047b92bc6a05967538, type: 3}
      propertyPath: m_LocalPosition.x
      value: -0.022
      objectReference: {fileID: 0}
    - target: {fileID: 9154786816908459710, guid: 5883f24f41de67047b92bc6a05967538, type: 3}
      propertyPath: m_LocalPosition.y
      value: 0.627
      objectReference: {fileID: 0}
    - target: {fileID: 9154786816908459710, guid: 5883f24f41de67047b92bc6a05967538, type: 3}
      propertyPath: m_LocalPosition.z
      value: -0.044
      objectReference: {fileID: 0}
    - target: {fileID: 9154786816908459710, guid: 5883f24f41de67047b92bc6a05967538, type: 3}
      propertyPath: m_LocalRotation.w
      value: 1
      objectReference: {fileID: 0}
    - target: {fileID: 9154786816908459710, guid: 5883f24f41de67047b92bc6a05967538, type: 3}
      propertyPath: m_LocalRotation.x
      value: 0
      objectReference: {fileID: 0}
    - target: {fileID: 9154786816908459710, guid: 5883f24f41de67047b92bc6a05967538, type: 3}
      propertyPath: m_LocalRotation.y
      value: 0
      objectReference: {fileID: 0}
    - target: {fileID: 9154786816908459710, guid: 5883f24f41de67047b92bc6a05967538, type: 3}
      propertyPath: m_LocalRotation.z
      value: 0
      objectReference: {fileID: 0}
    - target: {fileID: 9154786816908459710, guid: 5883f24f41de67047b92bc6a05967538, type: 3}
      propertyPath: m_LocalEulerAnglesHint.x
      value: 0
      objectReference: {fileID: 0}
    - target: {fileID: 9154786816908459710, guid: 5883f24f41de67047b92bc6a05967538, type: 3}
      propertyPath: m_LocalEulerAnglesHint.y
      value: 0
      objectReference: {fileID: 0}
    - target: {fileID: 9154786816908459710, guid: 5883f24f41de67047b92bc6a05967538, type: 3}
      propertyPath: m_LocalEulerAnglesHint.z
      value: 0
      objectReference: {fileID: 0}
    m_RemovedComponents:
    - {fileID: 1507709140800944582, guid: 5883f24f41de67047b92bc6a05967538, type: 3}
    - {fileID: 9154786816908459711, guid: 5883f24f41de67047b92bc6a05967538, type: 3}
  m_SourcePrefab: {fileID: 100100000, guid: 5883f24f41de67047b92bc6a05967538, type: 3}
--- !u!4 &6151904710735432839 stripped
Transform:
  m_CorrespondingSourceObject: {fileID: 9154786816908459710, guid: 5883f24f41de67047b92bc6a05967538, type: 3}
  m_PrefabInstance: {fileID: 3049960208239555129}
  m_PrefabAsset: {fileID: 0}
--- !u!1001 &3089445677755380978
PrefabInstance:
  m_ObjectHideFlags: 0
  serializedVersion: 2
  m_Modification:
    m_TransformParent: {fileID: 3557576055036841038}
    m_Modifications:
    - target: {fileID: 9154786816908459705, guid: 5883f24f41de67047b92bc6a05967538, type: 3}
      propertyPath: m_Name
      value: M_DM_All_Tuto_Fruit (9)
      objectReference: {fileID: 0}
    - target: {fileID: 9154786816908459708, guid: 5883f24f41de67047b92bc6a05967538, type: 3}
      propertyPath: m_Materials.Array.data[0]
      value: 
      objectReference: {fileID: 2100000, guid: 713510c78c831044fa2ffb7ec72164e1, type: 2}
    - target: {fileID: 9154786816908459709, guid: 5883f24f41de67047b92bc6a05967538, type: 3}
      propertyPath: m_Mesh
      value: 
      objectReference: {fileID: 3698767756544735340, guid: 2ba8fd2a5a5e59a46bc52fbf7afbc301, type: 3}
    - target: {fileID: 9154786816908459710, guid: 5883f24f41de67047b92bc6a05967538, type: 3}
      propertyPath: m_RootOrder
      value: 5
      objectReference: {fileID: 0}
    - target: {fileID: 9154786816908459710, guid: 5883f24f41de67047b92bc6a05967538, type: 3}
      propertyPath: m_LocalScale.x
      value: 0.5
      objectReference: {fileID: 0}
    - target: {fileID: 9154786816908459710, guid: 5883f24f41de67047b92bc6a05967538, type: 3}
      propertyPath: m_LocalScale.y
      value: 0.5
      objectReference: {fileID: 0}
    - target: {fileID: 9154786816908459710, guid: 5883f24f41de67047b92bc6a05967538, type: 3}
      propertyPath: m_LocalScale.z
      value: 0.5
      objectReference: {fileID: 0}
    - target: {fileID: 9154786816908459710, guid: 5883f24f41de67047b92bc6a05967538, type: 3}
      propertyPath: m_LocalPosition.x
      value: 0.135
      objectReference: {fileID: 0}
    - target: {fileID: 9154786816908459710, guid: 5883f24f41de67047b92bc6a05967538, type: 3}
      propertyPath: m_LocalPosition.y
      value: 0.732
      objectReference: {fileID: 0}
    - target: {fileID: 9154786816908459710, guid: 5883f24f41de67047b92bc6a05967538, type: 3}
      propertyPath: m_LocalPosition.z
      value: -0.044
      objectReference: {fileID: 0}
    - target: {fileID: 9154786816908459710, guid: 5883f24f41de67047b92bc6a05967538, type: 3}
      propertyPath: m_LocalRotation.w
      value: 1
      objectReference: {fileID: 0}
    - target: {fileID: 9154786816908459710, guid: 5883f24f41de67047b92bc6a05967538, type: 3}
      propertyPath: m_LocalRotation.x
      value: 0
      objectReference: {fileID: 0}
    - target: {fileID: 9154786816908459710, guid: 5883f24f41de67047b92bc6a05967538, type: 3}
      propertyPath: m_LocalRotation.y
      value: 0
      objectReference: {fileID: 0}
    - target: {fileID: 9154786816908459710, guid: 5883f24f41de67047b92bc6a05967538, type: 3}
      propertyPath: m_LocalRotation.z
      value: 0
      objectReference: {fileID: 0}
    - target: {fileID: 9154786816908459710, guid: 5883f24f41de67047b92bc6a05967538, type: 3}
      propertyPath: m_LocalEulerAnglesHint.x
      value: 0
      objectReference: {fileID: 0}
    - target: {fileID: 9154786816908459710, guid: 5883f24f41de67047b92bc6a05967538, type: 3}
      propertyPath: m_LocalEulerAnglesHint.y
      value: 0
      objectReference: {fileID: 0}
    - target: {fileID: 9154786816908459710, guid: 5883f24f41de67047b92bc6a05967538, type: 3}
      propertyPath: m_LocalEulerAnglesHint.z
      value: 0
      objectReference: {fileID: 0}
    m_RemovedComponents:
    - {fileID: 1507709140800944582, guid: 5883f24f41de67047b92bc6a05967538, type: 3}
    - {fileID: 9154786816908459711, guid: 5883f24f41de67047b92bc6a05967538, type: 3}
  m_SourcePrefab: {fileID: 100100000, guid: 5883f24f41de67047b92bc6a05967538, type: 3}
--- !u!4 &6184493845476559436 stripped
Transform:
  m_CorrespondingSourceObject: {fileID: 9154786816908459710, guid: 5883f24f41de67047b92bc6a05967538, type: 3}
  m_PrefabInstance: {fileID: 3089445677755380978}
  m_PrefabAsset: {fileID: 0}
--- !u!1001 &3301581950489910072
PrefabInstance:
  m_ObjectHideFlags: 0
  serializedVersion: 2
  m_Modification:
    m_TransformParent: {fileID: 3557576055036841038}
    m_Modifications:
    - target: {fileID: 9154786816908459705, guid: 5883f24f41de67047b92bc6a05967538, type: 3}
      propertyPath: m_Name
      value: M_DM_All_Tuto_Fruit (14)
      objectReference: {fileID: 0}
    - target: {fileID: 9154786816908459708, guid: 5883f24f41de67047b92bc6a05967538, type: 3}
      propertyPath: m_Materials.Array.data[0]
      value: 
      objectReference: {fileID: 2100000, guid: 713510c78c831044fa2ffb7ec72164e1, type: 2}
    - target: {fileID: 9154786816908459709, guid: 5883f24f41de67047b92bc6a05967538, type: 3}
      propertyPath: m_Mesh
      value: 
      objectReference: {fileID: 3698767756544735340, guid: 2ba8fd2a5a5e59a46bc52fbf7afbc301, type: 3}
    - target: {fileID: 9154786816908459710, guid: 5883f24f41de67047b92bc6a05967538, type: 3}
      propertyPath: m_RootOrder
      value: 11
      objectReference: {fileID: 0}
    - target: {fileID: 9154786816908459710, guid: 5883f24f41de67047b92bc6a05967538, type: 3}
      propertyPath: m_LocalScale.x
      value: 0.5
      objectReference: {fileID: 0}
    - target: {fileID: 9154786816908459710, guid: 5883f24f41de67047b92bc6a05967538, type: 3}
      propertyPath: m_LocalScale.y
      value: 0.5
      objectReference: {fileID: 0}
    - target: {fileID: 9154786816908459710, guid: 5883f24f41de67047b92bc6a05967538, type: 3}
      propertyPath: m_LocalScale.z
      value: 0.5
      objectReference: {fileID: 0}
    - target: {fileID: 9154786816908459710, guid: 5883f24f41de67047b92bc6a05967538, type: 3}
      propertyPath: m_LocalPosition.x
      value: -0.346
      objectReference: {fileID: 0}
    - target: {fileID: 9154786816908459710, guid: 5883f24f41de67047b92bc6a05967538, type: 3}
      propertyPath: m_LocalPosition.y
      value: 0.596
      objectReference: {fileID: 0}
    - target: {fileID: 9154786816908459710, guid: 5883f24f41de67047b92bc6a05967538, type: 3}
      propertyPath: m_LocalPosition.z
      value: 0.335
      objectReference: {fileID: 0}
    - target: {fileID: 9154786816908459710, guid: 5883f24f41de67047b92bc6a05967538, type: 3}
      propertyPath: m_LocalRotation.w
      value: 1
      objectReference: {fileID: 0}
    - target: {fileID: 9154786816908459710, guid: 5883f24f41de67047b92bc6a05967538, type: 3}
      propertyPath: m_LocalRotation.x
      value: 0
      objectReference: {fileID: 0}
    - target: {fileID: 9154786816908459710, guid: 5883f24f41de67047b92bc6a05967538, type: 3}
      propertyPath: m_LocalRotation.y
      value: 0
      objectReference: {fileID: 0}
    - target: {fileID: 9154786816908459710, guid: 5883f24f41de67047b92bc6a05967538, type: 3}
      propertyPath: m_LocalRotation.z
      value: 0
      objectReference: {fileID: 0}
    - target: {fileID: 9154786816908459710, guid: 5883f24f41de67047b92bc6a05967538, type: 3}
      propertyPath: m_LocalEulerAnglesHint.x
      value: 0
      objectReference: {fileID: 0}
    - target: {fileID: 9154786816908459710, guid: 5883f24f41de67047b92bc6a05967538, type: 3}
      propertyPath: m_LocalEulerAnglesHint.y
      value: 0
      objectReference: {fileID: 0}
    - target: {fileID: 9154786816908459710, guid: 5883f24f41de67047b92bc6a05967538, type: 3}
      propertyPath: m_LocalEulerAnglesHint.z
      value: 0
      objectReference: {fileID: 0}
    m_RemovedComponents:
    - {fileID: 1507709140800944582, guid: 5883f24f41de67047b92bc6a05967538, type: 3}
    - {fileID: 9154786816908459711, guid: 5883f24f41de67047b92bc6a05967538, type: 3}
  m_SourcePrefab: {fileID: 100100000, guid: 5883f24f41de67047b92bc6a05967538, type: 3}
--- !u!4 &5971145634853102982 stripped
Transform:
  m_CorrespondingSourceObject: {fileID: 9154786816908459710, guid: 5883f24f41de67047b92bc6a05967538, type: 3}
  m_PrefabInstance: {fileID: 3301581950489910072}
  m_PrefabAsset: {fileID: 0}
--- !u!1001 &3521744063468546104
PrefabInstance:
  m_ObjectHideFlags: 0
  serializedVersion: 2
  m_Modification:
    m_TransformParent: {fileID: 3557576055036841038}
    m_Modifications:
    - target: {fileID: 9154786816908459705, guid: 5883f24f41de67047b92bc6a05967538, type: 3}
      propertyPath: m_Name
      value: M_DM_All_Tuto_Fruit (7)
      objectReference: {fileID: 0}
    - target: {fileID: 9154786816908459708, guid: 5883f24f41de67047b92bc6a05967538, type: 3}
      propertyPath: m_Materials.Array.data[0]
      value: 
      objectReference: {fileID: 2100000, guid: 713510c78c831044fa2ffb7ec72164e1, type: 2}
    - target: {fileID: 9154786816908459709, guid: 5883f24f41de67047b92bc6a05967538, type: 3}
      propertyPath: m_Mesh
      value: 
      objectReference: {fileID: 3698767756544735340, guid: 2ba8fd2a5a5e59a46bc52fbf7afbc301, type: 3}
    - target: {fileID: 9154786816908459710, guid: 5883f24f41de67047b92bc6a05967538, type: 3}
      propertyPath: m_RootOrder
      value: 3
      objectReference: {fileID: 0}
    - target: {fileID: 9154786816908459710, guid: 5883f24f41de67047b92bc6a05967538, type: 3}
      propertyPath: m_LocalScale.x
      value: 0.5
      objectReference: {fileID: 0}
    - target: {fileID: 9154786816908459710, guid: 5883f24f41de67047b92bc6a05967538, type: 3}
      propertyPath: m_LocalScale.y
      value: 0.5
      objectReference: {fileID: 0}
    - target: {fileID: 9154786816908459710, guid: 5883f24f41de67047b92bc6a05967538, type: 3}
      propertyPath: m_LocalScale.z
      value: 0.5
      objectReference: {fileID: 0}
    - target: {fileID: 9154786816908459710, guid: 5883f24f41de67047b92bc6a05967538, type: 3}
      propertyPath: m_LocalPosition.x
      value: 0.12300001
      objectReference: {fileID: 0}
    - target: {fileID: 9154786816908459710, guid: 5883f24f41de67047b92bc6a05967538, type: 3}
      propertyPath: m_LocalPosition.y
      value: 0.596
      objectReference: {fileID: 0}
    - target: {fileID: 9154786816908459710, guid: 5883f24f41de67047b92bc6a05967538, type: 3}
      propertyPath: m_LocalPosition.z
      value: 0.15900001
      objectReference: {fileID: 0}
    - target: {fileID: 9154786816908459710, guid: 5883f24f41de67047b92bc6a05967538, type: 3}
      propertyPath: m_LocalRotation.w
      value: 1
      objectReference: {fileID: 0}
    - target: {fileID: 9154786816908459710, guid: 5883f24f41de67047b92bc6a05967538, type: 3}
      propertyPath: m_LocalRotation.x
      value: 0
      objectReference: {fileID: 0}
    - target: {fileID: 9154786816908459710, guid: 5883f24f41de67047b92bc6a05967538, type: 3}
      propertyPath: m_LocalRotation.y
      value: 0
      objectReference: {fileID: 0}
    - target: {fileID: 9154786816908459710, guid: 5883f24f41de67047b92bc6a05967538, type: 3}
      propertyPath: m_LocalRotation.z
      value: 0
      objectReference: {fileID: 0}
    - target: {fileID: 9154786816908459710, guid: 5883f24f41de67047b92bc6a05967538, type: 3}
      propertyPath: m_LocalEulerAnglesHint.x
      value: 0
      objectReference: {fileID: 0}
    - target: {fileID: 9154786816908459710, guid: 5883f24f41de67047b92bc6a05967538, type: 3}
      propertyPath: m_LocalEulerAnglesHint.y
      value: 0
      objectReference: {fileID: 0}
    - target: {fileID: 9154786816908459710, guid: 5883f24f41de67047b92bc6a05967538, type: 3}
      propertyPath: m_LocalEulerAnglesHint.z
      value: 0
      objectReference: {fileID: 0}
    m_RemovedComponents:
    - {fileID: 1507709140800944582, guid: 5883f24f41de67047b92bc6a05967538, type: 3}
    - {fileID: 9154786816908459711, guid: 5883f24f41de67047b92bc6a05967538, type: 3}
  m_SourcePrefab: {fileID: 100100000, guid: 5883f24f41de67047b92bc6a05967538, type: 3}
--- !u!4 &5752197928209077894 stripped
Transform:
  m_CorrespondingSourceObject: {fileID: 9154786816908459710, guid: 5883f24f41de67047b92bc6a05967538, type: 3}
  m_PrefabInstance: {fileID: 3521744063468546104}
  m_PrefabAsset: {fileID: 0}
--- !u!1001 &3707169984571224751
PrefabInstance:
  m_ObjectHideFlags: 0
  serializedVersion: 2
  m_Modification:
    m_TransformParent: {fileID: 3557576055036841038}
    m_Modifications:
    - target: {fileID: 9154786816908459705, guid: 5883f24f41de67047b92bc6a05967538, type: 3}
      propertyPath: m_Name
      value: M_DM_All_Tuto_Fruit (18)
      objectReference: {fileID: 0}
    - target: {fileID: 9154786816908459708, guid: 5883f24f41de67047b92bc6a05967538, type: 3}
      propertyPath: m_Materials.Array.data[0]
      value: 
      objectReference: {fileID: 2100000, guid: 713510c78c831044fa2ffb7ec72164e1, type: 2}
    - target: {fileID: 9154786816908459709, guid: 5883f24f41de67047b92bc6a05967538, type: 3}
      propertyPath: m_Mesh
      value: 
      objectReference: {fileID: 3698767756544735340, guid: 2ba8fd2a5a5e59a46bc52fbf7afbc301, type: 3}
    - target: {fileID: 9154786816908459710, guid: 5883f24f41de67047b92bc6a05967538, type: 3}
      propertyPath: m_RootOrder
      value: 15
      objectReference: {fileID: 0}
    - target: {fileID: 9154786816908459710, guid: 5883f24f41de67047b92bc6a05967538, type: 3}
      propertyPath: m_LocalScale.x
      value: 0.5
      objectReference: {fileID: 0}
    - target: {fileID: 9154786816908459710, guid: 5883f24f41de67047b92bc6a05967538, type: 3}
      propertyPath: m_LocalScale.y
      value: 0.5
      objectReference: {fileID: 0}
    - target: {fileID: 9154786816908459710, guid: 5883f24f41de67047b92bc6a05967538, type: 3}
      propertyPath: m_LocalScale.z
      value: 0.5
      objectReference: {fileID: 0}
    - target: {fileID: 9154786816908459710, guid: 5883f24f41de67047b92bc6a05967538, type: 3}
      propertyPath: m_LocalPosition.x
      value: 0.145
      objectReference: {fileID: 0}
    - target: {fileID: 9154786816908459710, guid: 5883f24f41de67047b92bc6a05967538, type: 3}
      propertyPath: m_LocalPosition.y
      value: 0.598
      objectReference: {fileID: 0}
    - target: {fileID: 9154786816908459710, guid: 5883f24f41de67047b92bc6a05967538, type: 3}
      propertyPath: m_LocalPosition.z
      value: -0.358
      objectReference: {fileID: 0}
    - target: {fileID: 9154786816908459710, guid: 5883f24f41de67047b92bc6a05967538, type: 3}
      propertyPath: m_LocalRotation.w
      value: 0.97500676
      objectReference: {fileID: 0}
    - target: {fileID: 9154786816908459710, guid: 5883f24f41de67047b92bc6a05967538, type: 3}
      propertyPath: m_LocalRotation.x
      value: -0.22217529
      objectReference: {fileID: 0}
    - target: {fileID: 9154786816908459710, guid: 5883f24f41de67047b92bc6a05967538, type: 3}
      propertyPath: m_LocalRotation.y
      value: -0
      objectReference: {fileID: 0}
    - target: {fileID: 9154786816908459710, guid: 5883f24f41de67047b92bc6a05967538, type: 3}
      propertyPath: m_LocalRotation.z
      value: -0
      objectReference: {fileID: 0}
    - target: {fileID: 9154786816908459710, guid: 5883f24f41de67047b92bc6a05967538, type: 3}
      propertyPath: m_LocalEulerAnglesHint.x
      value: -25.674
      objectReference: {fileID: 0}
    - target: {fileID: 9154786816908459710, guid: 5883f24f41de67047b92bc6a05967538, type: 3}
      propertyPath: m_LocalEulerAnglesHint.y
      value: 0
      objectReference: {fileID: 0}
    - target: {fileID: 9154786816908459710, guid: 5883f24f41de67047b92bc6a05967538, type: 3}
      propertyPath: m_LocalEulerAnglesHint.z
      value: 0
      objectReference: {fileID: 0}
    m_RemovedComponents:
    - {fileID: 1507709140800944582, guid: 5883f24f41de67047b92bc6a05967538, type: 3}
    - {fileID: 9154786816908459711, guid: 5883f24f41de67047b92bc6a05967538, type: 3}
  m_SourcePrefab: {fileID: 100100000, guid: 5883f24f41de67047b92bc6a05967538, type: 3}
--- !u!4 &5512077665527024657 stripped
Transform:
  m_CorrespondingSourceObject: {fileID: 9154786816908459710, guid: 5883f24f41de67047b92bc6a05967538, type: 3}
  m_PrefabInstance: {fileID: 3707169984571224751}
  m_PrefabAsset: {fileID: 0}
--- !u!1001 &4149429008944618412
PrefabInstance:
  m_ObjectHideFlags: 0
  serializedVersion: 2
  m_Modification:
    m_TransformParent: {fileID: 3557576055036841038}
    m_Modifications:
    - target: {fileID: 9154786816908459705, guid: 5883f24f41de67047b92bc6a05967538, type: 3}
      propertyPath: m_Name
      value: M_DM_All_Tuto_Fruit (11)
      objectReference: {fileID: 0}
    - target: {fileID: 9154786816908459708, guid: 5883f24f41de67047b92bc6a05967538, type: 3}
      propertyPath: m_Materials.Array.data[0]
      value: 
      objectReference: {fileID: 2100000, guid: 713510c78c831044fa2ffb7ec72164e1, type: 2}
    - target: {fileID: 9154786816908459709, guid: 5883f24f41de67047b92bc6a05967538, type: 3}
      propertyPath: m_Mesh
      value: 
      objectReference: {fileID: 3698767756544735340, guid: 2ba8fd2a5a5e59a46bc52fbf7afbc301, type: 3}
    - target: {fileID: 9154786816908459710, guid: 5883f24f41de67047b92bc6a05967538, type: 3}
      propertyPath: m_RootOrder
      value: 8
      objectReference: {fileID: 0}
    - target: {fileID: 9154786816908459710, guid: 5883f24f41de67047b92bc6a05967538, type: 3}
      propertyPath: m_LocalScale.x
      value: 0.5
      objectReference: {fileID: 0}
    - target: {fileID: 9154786816908459710, guid: 5883f24f41de67047b92bc6a05967538, type: 3}
      propertyPath: m_LocalScale.y
      value: 0.5
      objectReference: {fileID: 0}
    - target: {fileID: 9154786816908459710, guid: 5883f24f41de67047b92bc6a05967538, type: 3}
      propertyPath: m_LocalScale.z
      value: 0.5
      objectReference: {fileID: 0}
    - target: {fileID: 9154786816908459710, guid: 5883f24f41de67047b92bc6a05967538, type: 3}
      propertyPath: m_LocalPosition.x
      value: 0.35700002
      objectReference: {fileID: 0}
    - target: {fileID: 9154786816908459710, guid: 5883f24f41de67047b92bc6a05967538, type: 3}
      propertyPath: m_LocalPosition.y
      value: 0.596
      objectReference: {fileID: 0}
    - target: {fileID: 9154786816908459710, guid: 5883f24f41de67047b92bc6a05967538, type: 3}
      propertyPath: m_LocalPosition.z
      value: -0.158
      objectReference: {fileID: 0}
    - target: {fileID: 9154786816908459710, guid: 5883f24f41de67047b92bc6a05967538, type: 3}
      propertyPath: m_LocalRotation.w
      value: 1
      objectReference: {fileID: 0}
    - target: {fileID: 9154786816908459710, guid: 5883f24f41de67047b92bc6a05967538, type: 3}
      propertyPath: m_LocalRotation.x
      value: 0
      objectReference: {fileID: 0}
    - target: {fileID: 9154786816908459710, guid: 5883f24f41de67047b92bc6a05967538, type: 3}
      propertyPath: m_LocalRotation.y
      value: 0
      objectReference: {fileID: 0}
    - target: {fileID: 9154786816908459710, guid: 5883f24f41de67047b92bc6a05967538, type: 3}
      propertyPath: m_LocalRotation.z
      value: 0
      objectReference: {fileID: 0}
    - target: {fileID: 9154786816908459710, guid: 5883f24f41de67047b92bc6a05967538, type: 3}
      propertyPath: m_LocalEulerAnglesHint.x
      value: 0
      objectReference: {fileID: 0}
    - target: {fileID: 9154786816908459710, guid: 5883f24f41de67047b92bc6a05967538, type: 3}
      propertyPath: m_LocalEulerAnglesHint.y
      value: 0
      objectReference: {fileID: 0}
    - target: {fileID: 9154786816908459710, guid: 5883f24f41de67047b92bc6a05967538, type: 3}
      propertyPath: m_LocalEulerAnglesHint.z
      value: 0
      objectReference: {fileID: 0}
    m_RemovedComponents:
    - {fileID: 1507709140800944582, guid: 5883f24f41de67047b92bc6a05967538, type: 3}
    - {fileID: 9154786816908459711, guid: 5883f24f41de67047b92bc6a05967538, type: 3}
  m_SourcePrefab: {fileID: 100100000, guid: 5883f24f41de67047b92bc6a05967538, type: 3}
--- !u!4 &5087358568132879634 stripped
Transform:
  m_CorrespondingSourceObject: {fileID: 9154786816908459710, guid: 5883f24f41de67047b92bc6a05967538, type: 3}
  m_PrefabInstance: {fileID: 4149429008944618412}
  m_PrefabAsset: {fileID: 0}
--- !u!1001 &4375598826152038257
PrefabInstance:
  m_ObjectHideFlags: 0
  serializedVersion: 2
  m_Modification:
    m_TransformParent: {fileID: 3557576055036841038}
    m_Modifications:
    - target: {fileID: 9154786816908459705, guid: 5883f24f41de67047b92bc6a05967538, type: 3}
      propertyPath: m_Name
      value: M_DM_All_Tuto_Fruit (4)
      objectReference: {fileID: 0}
    - target: {fileID: 9154786816908459708, guid: 5883f24f41de67047b92bc6a05967538, type: 3}
      propertyPath: m_Materials.Array.data[0]
      value: 
      objectReference: {fileID: 2100000, guid: 713510c78c831044fa2ffb7ec72164e1, type: 2}
    - target: {fileID: 9154786816908459709, guid: 5883f24f41de67047b92bc6a05967538, type: 3}
      propertyPath: m_Mesh
      value: 
      objectReference: {fileID: 3698767756544735340, guid: 2ba8fd2a5a5e59a46bc52fbf7afbc301, type: 3}
    - target: {fileID: 9154786816908459710, guid: 5883f24f41de67047b92bc6a05967538, type: 3}
      propertyPath: m_RootOrder
      value: 7
      objectReference: {fileID: 0}
    - target: {fileID: 9154786816908459710, guid: 5883f24f41de67047b92bc6a05967538, type: 3}
      propertyPath: m_LocalScale.x
      value: 0.5
      objectReference: {fileID: 0}
    - target: {fileID: 9154786816908459710, guid: 5883f24f41de67047b92bc6a05967538, type: 3}
      propertyPath: m_LocalScale.y
      value: 0.5
      objectReference: {fileID: 0}
    - target: {fileID: 9154786816908459710, guid: 5883f24f41de67047b92bc6a05967538, type: 3}
      propertyPath: m_LocalScale.z
      value: 0.5
      objectReference: {fileID: 0}
    - target: {fileID: 9154786816908459710, guid: 5883f24f41de67047b92bc6a05967538, type: 3}
      propertyPath: m_LocalPosition.x
      value: 0.35700002
      objectReference: {fileID: 0}
    - target: {fileID: 9154786816908459710, guid: 5883f24f41de67047b92bc6a05967538, type: 3}
      propertyPath: m_LocalPosition.y
      value: 0.596
      objectReference: {fileID: 0}
    - target: {fileID: 9154786816908459710, guid: 5883f24f41de67047b92bc6a05967538, type: 3}
      propertyPath: m_LocalPosition.z
      value: -0.36
      objectReference: {fileID: 0}
    - target: {fileID: 9154786816908459710, guid: 5883f24f41de67047b92bc6a05967538, type: 3}
      propertyPath: m_LocalRotation.w
      value: 1
      objectReference: {fileID: 0}
    - target: {fileID: 9154786816908459710, guid: 5883f24f41de67047b92bc6a05967538, type: 3}
      propertyPath: m_LocalRotation.x
      value: 0
      objectReference: {fileID: 0}
    - target: {fileID: 9154786816908459710, guid: 5883f24f41de67047b92bc6a05967538, type: 3}
      propertyPath: m_LocalRotation.y
      value: 0
      objectReference: {fileID: 0}
    - target: {fileID: 9154786816908459710, guid: 5883f24f41de67047b92bc6a05967538, type: 3}
      propertyPath: m_LocalRotation.z
      value: 0
      objectReference: {fileID: 0}
    - target: {fileID: 9154786816908459710, guid: 5883f24f41de67047b92bc6a05967538, type: 3}
      propertyPath: m_LocalEulerAnglesHint.x
      value: 0
      objectReference: {fileID: 0}
    - target: {fileID: 9154786816908459710, guid: 5883f24f41de67047b92bc6a05967538, type: 3}
      propertyPath: m_LocalEulerAnglesHint.y
      value: 0
      objectReference: {fileID: 0}
    - target: {fileID: 9154786816908459710, guid: 5883f24f41de67047b92bc6a05967538, type: 3}
      propertyPath: m_LocalEulerAnglesHint.z
      value: 0
      objectReference: {fileID: 0}
    m_RemovedComponents:
    - {fileID: 1507709140800944582, guid: 5883f24f41de67047b92bc6a05967538, type: 3}
    - {fileID: 9154786816908459711, guid: 5883f24f41de67047b92bc6a05967538, type: 3}
  m_SourcePrefab: {fileID: 100100000, guid: 5883f24f41de67047b92bc6a05967538, type: 3}
--- !u!4 &4878922216616063439 stripped
Transform:
  m_CorrespondingSourceObject: {fileID: 9154786816908459710, guid: 5883f24f41de67047b92bc6a05967538, type: 3}
  m_PrefabInstance: {fileID: 4375598826152038257}
  m_PrefabAsset: {fileID: 0}
--- !u!1001 &5183882611097206701
PrefabInstance:
  m_ObjectHideFlags: 0
  serializedVersion: 2
  m_Modification:
    m_TransformParent: {fileID: 3557576055036841038}
    m_Modifications:
    - target: {fileID: 9154786816908459705, guid: 5883f24f41de67047b92bc6a05967538, type: 3}
      propertyPath: m_Name
      value: M_DM_All_Tuto_Fruit (13)
      objectReference: {fileID: 0}
    - target: {fileID: 9154786816908459708, guid: 5883f24f41de67047b92bc6a05967538, type: 3}
      propertyPath: m_Materials.Array.data[0]
      value: 
      objectReference: {fileID: 2100000, guid: 713510c78c831044fa2ffb7ec72164e1, type: 2}
    - target: {fileID: 9154786816908459709, guid: 5883f24f41de67047b92bc6a05967538, type: 3}
      propertyPath: m_Mesh
      value: 
      objectReference: {fileID: 3698767756544735340, guid: 2ba8fd2a5a5e59a46bc52fbf7afbc301, type: 3}
    - target: {fileID: 9154786816908459710, guid: 5883f24f41de67047b92bc6a05967538, type: 3}
      propertyPath: m_RootOrder
      value: 10
      objectReference: {fileID: 0}
    - target: {fileID: 9154786816908459710, guid: 5883f24f41de67047b92bc6a05967538, type: 3}
      propertyPath: m_LocalScale.x
      value: 0.5
      objectReference: {fileID: 0}
    - target: {fileID: 9154786816908459710, guid: 5883f24f41de67047b92bc6a05967538, type: 3}
      propertyPath: m_LocalScale.y
      value: 0.5
      objectReference: {fileID: 0}
    - target: {fileID: 9154786816908459710, guid: 5883f24f41de67047b92bc6a05967538, type: 3}
      propertyPath: m_LocalScale.z
      value: 0.5
      objectReference: {fileID: 0}
    - target: {fileID: 9154786816908459710, guid: 5883f24f41de67047b92bc6a05967538, type: 3}
      propertyPath: m_LocalPosition.x
      value: 0.274
      objectReference: {fileID: 0}
    - target: {fileID: 9154786816908459710, guid: 5883f24f41de67047b92bc6a05967538, type: 3}
      propertyPath: m_LocalPosition.y
      value: 0.46999997
      objectReference: {fileID: 0}
    - target: {fileID: 9154786816908459710, guid: 5883f24f41de67047b92bc6a05967538, type: 3}
      propertyPath: m_LocalPosition.z
      value: 0.335
      objectReference: {fileID: 0}
    - target: {fileID: 9154786816908459710, guid: 5883f24f41de67047b92bc6a05967538, type: 3}
      propertyPath: m_LocalRotation.w
      value: 1
      objectReference: {fileID: 0}
    - target: {fileID: 9154786816908459710, guid: 5883f24f41de67047b92bc6a05967538, type: 3}
      propertyPath: m_LocalRotation.x
      value: 0
      objectReference: {fileID: 0}
    - target: {fileID: 9154786816908459710, guid: 5883f24f41de67047b92bc6a05967538, type: 3}
      propertyPath: m_LocalRotation.y
      value: 0
      objectReference: {fileID: 0}
    - target: {fileID: 9154786816908459710, guid: 5883f24f41de67047b92bc6a05967538, type: 3}
      propertyPath: m_LocalRotation.z
      value: 0
      objectReference: {fileID: 0}
    - target: {fileID: 9154786816908459710, guid: 5883f24f41de67047b92bc6a05967538, type: 3}
      propertyPath: m_LocalEulerAnglesHint.x
      value: 0
      objectReference: {fileID: 0}
    - target: {fileID: 9154786816908459710, guid: 5883f24f41de67047b92bc6a05967538, type: 3}
      propertyPath: m_LocalEulerAnglesHint.y
      value: 0
      objectReference: {fileID: 0}
    - target: {fileID: 9154786816908459710, guid: 5883f24f41de67047b92bc6a05967538, type: 3}
      propertyPath: m_LocalEulerAnglesHint.z
      value: 0
      objectReference: {fileID: 0}
    m_RemovedComponents:
    - {fileID: 1507709140800944582, guid: 5883f24f41de67047b92bc6a05967538, type: 3}
    - {fileID: 9154786816908459711, guid: 5883f24f41de67047b92bc6a05967538, type: 3}
  m_SourcePrefab: {fileID: 100100000, guid: 5883f24f41de67047b92bc6a05967538, type: 3}
--- !u!4 &4106315152213934355 stripped
Transform:
  m_CorrespondingSourceObject: {fileID: 9154786816908459710, guid: 5883f24f41de67047b92bc6a05967538, type: 3}
  m_PrefabInstance: {fileID: 5183882611097206701}
  m_PrefabAsset: {fileID: 0}
--- !u!1001 &5260641837496015422
PrefabInstance:
  m_ObjectHideFlags: 0
  serializedVersion: 2
  m_Modification:
    m_TransformParent: {fileID: 3557576055036841038}
    m_Modifications:
    - target: {fileID: 9154786816908459705, guid: 5883f24f41de67047b92bc6a05967538, type: 3}
      propertyPath: m_Name
      value: M_DM_All_Tuto_Fruit (3)
      objectReference: {fileID: 0}
    - target: {fileID: 9154786816908459708, guid: 5883f24f41de67047b92bc6a05967538, type: 3}
      propertyPath: m_Materials.Array.data[0]
      value: 
      objectReference: {fileID: 2100000, guid: 713510c78c831044fa2ffb7ec72164e1, type: 2}
    - target: {fileID: 9154786816908459709, guid: 5883f24f41de67047b92bc6a05967538, type: 3}
      propertyPath: m_Mesh
      value: 
      objectReference: {fileID: 3698767756544735340, guid: 2ba8fd2a5a5e59a46bc52fbf7afbc301, type: 3}
    - target: {fileID: 9154786816908459710, guid: 5883f24f41de67047b92bc6a05967538, type: 3}
      propertyPath: m_RootOrder
      value: 0
      objectReference: {fileID: 0}
    - target: {fileID: 9154786816908459710, guid: 5883f24f41de67047b92bc6a05967538, type: 3}
      propertyPath: m_LocalScale.x
      value: 0.5
      objectReference: {fileID: 0}
    - target: {fileID: 9154786816908459710, guid: 5883f24f41de67047b92bc6a05967538, type: 3}
      propertyPath: m_LocalScale.y
      value: 0.5
      objectReference: {fileID: 0}
    - target: {fileID: 9154786816908459710, guid: 5883f24f41de67047b92bc6a05967538, type: 3}
      propertyPath: m_LocalScale.z
      value: 0.5
      objectReference: {fileID: 0}
    - target: {fileID: 9154786816908459710, guid: 5883f24f41de67047b92bc6a05967538, type: 3}
      propertyPath: m_LocalPosition.x
      value: 0.17300008
      objectReference: {fileID: 0}
    - target: {fileID: 9154786816908459710, guid: 5883f24f41de67047b92bc6a05967538, type: 3}
      propertyPath: m_LocalPosition.y
      value: 0.596
      objectReference: {fileID: 0}
    - target: {fileID: 9154786816908459710, guid: 5883f24f41de67047b92bc6a05967538, type: 3}
      propertyPath: m_LocalPosition.z
      value: -0.21199918
      objectReference: {fileID: 0}
    - target: {fileID: 9154786816908459710, guid: 5883f24f41de67047b92bc6a05967538, type: 3}
      propertyPath: m_LocalRotation.w
      value: 1
      objectReference: {fileID: 0}
    - target: {fileID: 9154786816908459710, guid: 5883f24f41de67047b92bc6a05967538, type: 3}
      propertyPath: m_LocalRotation.x
      value: 0
      objectReference: {fileID: 0}
    - target: {fileID: 9154786816908459710, guid: 5883f24f41de67047b92bc6a05967538, type: 3}
      propertyPath: m_LocalRotation.y
      value: 0
      objectReference: {fileID: 0}
    - target: {fileID: 9154786816908459710, guid: 5883f24f41de67047b92bc6a05967538, type: 3}
      propertyPath: m_LocalRotation.z
      value: 0
      objectReference: {fileID: 0}
    - target: {fileID: 9154786816908459710, guid: 5883f24f41de67047b92bc6a05967538, type: 3}
      propertyPath: m_LocalEulerAnglesHint.x
      value: 0
      objectReference: {fileID: 0}
    - target: {fileID: 9154786816908459710, guid: 5883f24f41de67047b92bc6a05967538, type: 3}
      propertyPath: m_LocalEulerAnglesHint.y
      value: 0
      objectReference: {fileID: 0}
    - target: {fileID: 9154786816908459710, guid: 5883f24f41de67047b92bc6a05967538, type: 3}
      propertyPath: m_LocalEulerAnglesHint.z
      value: 0
      objectReference: {fileID: 0}
    m_RemovedComponents:
    - {fileID: 1507709140800944582, guid: 5883f24f41de67047b92bc6a05967538, type: 3}
    - {fileID: 9154786816908459711, guid: 5883f24f41de67047b92bc6a05967538, type: 3}
  m_SourcePrefab: {fileID: 100100000, guid: 5883f24f41de67047b92bc6a05967538, type: 3}
--- !u!4 &3895011119915590784 stripped
Transform:
  m_CorrespondingSourceObject: {fileID: 9154786816908459710, guid: 5883f24f41de67047b92bc6a05967538, type: 3}
  m_PrefabInstance: {fileID: 5260641837496015422}
  m_PrefabAsset: {fileID: 0}
--- !u!1001 &6536147459487677200
PrefabInstance:
  m_ObjectHideFlags: 0
  serializedVersion: 2
  m_Modification:
    m_TransformParent: {fileID: 3557576055036841038}
    m_Modifications:
    - target: {fileID: 9154786816908459705, guid: 5883f24f41de67047b92bc6a05967538, type: 3}
      propertyPath: m_Name
      value: M_DM_All_Tuto_Fruit (15)
      objectReference: {fileID: 0}
    - target: {fileID: 9154786816908459708, guid: 5883f24f41de67047b92bc6a05967538, type: 3}
      propertyPath: m_Materials.Array.data[0]
      value: 
      objectReference: {fileID: 2100000, guid: 713510c78c831044fa2ffb7ec72164e1, type: 2}
    - target: {fileID: 9154786816908459709, guid: 5883f24f41de67047b92bc6a05967538, type: 3}
      propertyPath: m_Mesh
      value: 
      objectReference: {fileID: 3698767756544735340, guid: 2ba8fd2a5a5e59a46bc52fbf7afbc301, type: 3}
    - target: {fileID: 9154786816908459710, guid: 5883f24f41de67047b92bc6a05967538, type: 3}
      propertyPath: m_RootOrder
      value: 12
      objectReference: {fileID: 0}
    - target: {fileID: 9154786816908459710, guid: 5883f24f41de67047b92bc6a05967538, type: 3}
      propertyPath: m_LocalScale.x
      value: 0.5
      objectReference: {fileID: 0}
    - target: {fileID: 9154786816908459710, guid: 5883f24f41de67047b92bc6a05967538, type: 3}
      propertyPath: m_LocalScale.y
      value: 0.5
      objectReference: {fileID: 0}
    - target: {fileID: 9154786816908459710, guid: 5883f24f41de67047b92bc6a05967538, type: 3}
      propertyPath: m_LocalScale.z
      value: 0.5
      objectReference: {fileID: 0}
    - target: {fileID: 9154786816908459710, guid: 5883f24f41de67047b92bc6a05967538, type: 3}
      propertyPath: m_LocalPosition.x
      value: -0.231
      objectReference: {fileID: 0}
    - target: {fileID: 9154786816908459710, guid: 5883f24f41de67047b92bc6a05967538, type: 3}
      propertyPath: m_LocalPosition.y
      value: 0.596
      objectReference: {fileID: 0}
    - target: {fileID: 9154786816908459710, guid: 5883f24f41de67047b92bc6a05967538, type: 3}
      propertyPath: m_LocalPosition.z
      value: 0.089
      objectReference: {fileID: 0}
    - target: {fileID: 9154786816908459710, guid: 5883f24f41de67047b92bc6a05967538, type: 3}
      propertyPath: m_LocalRotation.w
      value: 1
      objectReference: {fileID: 0}
    - target: {fileID: 9154786816908459710, guid: 5883f24f41de67047b92bc6a05967538, type: 3}
      propertyPath: m_LocalRotation.x
      value: 0
      objectReference: {fileID: 0}
    - target: {fileID: 9154786816908459710, guid: 5883f24f41de67047b92bc6a05967538, type: 3}
      propertyPath: m_LocalRotation.y
      value: 0
      objectReference: {fileID: 0}
    - target: {fileID: 9154786816908459710, guid: 5883f24f41de67047b92bc6a05967538, type: 3}
      propertyPath: m_LocalRotation.z
      value: 0
      objectReference: {fileID: 0}
    - target: {fileID: 9154786816908459710, guid: 5883f24f41de67047b92bc6a05967538, type: 3}
      propertyPath: m_LocalEulerAnglesHint.x
      value: 0
      objectReference: {fileID: 0}
    - target: {fileID: 9154786816908459710, guid: 5883f24f41de67047b92bc6a05967538, type: 3}
      propertyPath: m_LocalEulerAnglesHint.y
      value: 0
      objectReference: {fileID: 0}
    - target: {fileID: 9154786816908459710, guid: 5883f24f41de67047b92bc6a05967538, type: 3}
      propertyPath: m_LocalEulerAnglesHint.z
      value: 0
      objectReference: {fileID: 0}
    m_RemovedComponents:
    - {fileID: 1507709140800944582, guid: 5883f24f41de67047b92bc6a05967538, type: 3}
    - {fileID: 9154786816908459711, guid: 5883f24f41de67047b92bc6a05967538, type: 3}
  m_SourcePrefab: {fileID: 100100000, guid: 5883f24f41de67047b92bc6a05967538, type: 3}
--- !u!4 &2718302149448844718 stripped
Transform:
  m_CorrespondingSourceObject: {fileID: 9154786816908459710, guid: 5883f24f41de67047b92bc6a05967538, type: 3}
  m_PrefabInstance: {fileID: 6536147459487677200}
  m_PrefabAsset: {fileID: 0}
--- !u!1001 &8943654422900660282
PrefabInstance:
  m_ObjectHideFlags: 0
  serializedVersion: 2
  m_Modification:
    m_TransformParent: {fileID: 3557576055036841038}
    m_Modifications:
    - target: {fileID: 9154786816908459705, guid: 5883f24f41de67047b92bc6a05967538, type: 3}
      propertyPath: m_Name
      value: M_DM_All_Tuto_Fruit (5)
      objectReference: {fileID: 0}
    - target: {fileID: 9154786816908459708, guid: 5883f24f41de67047b92bc6a05967538, type: 3}
      propertyPath: m_Materials.Array.data[0]
      value: 
      objectReference: {fileID: 2100000, guid: 713510c78c831044fa2ffb7ec72164e1, type: 2}
    - target: {fileID: 9154786816908459709, guid: 5883f24f41de67047b92bc6a05967538, type: 3}
      propertyPath: m_Mesh
      value: 
      objectReference: {fileID: 3698767756544735340, guid: 2ba8fd2a5a5e59a46bc52fbf7afbc301, type: 3}
    - target: {fileID: 9154786816908459710, guid: 5883f24f41de67047b92bc6a05967538, type: 3}
      propertyPath: m_RootOrder
      value: 1
      objectReference: {fileID: 0}
    - target: {fileID: 9154786816908459710, guid: 5883f24f41de67047b92bc6a05967538, type: 3}
      propertyPath: m_LocalScale.x
      value: 0.5
      objectReference: {fileID: 0}
    - target: {fileID: 9154786816908459710, guid: 5883f24f41de67047b92bc6a05967538, type: 3}
      propertyPath: m_LocalScale.y
      value: 0.5
      objectReference: {fileID: 0}
    - target: {fileID: 9154786816908459710, guid: 5883f24f41de67047b92bc6a05967538, type: 3}
      propertyPath: m_LocalScale.z
      value: 0.5
      objectReference: {fileID: 0}
    - target: {fileID: 9154786816908459710, guid: 5883f24f41de67047b92bc6a05967538, type: 3}
      propertyPath: m_LocalPosition.x
      value: -0.11399998
      objectReference: {fileID: 0}
    - target: {fileID: 9154786816908459710, guid: 5883f24f41de67047b92bc6a05967538, type: 3}
      propertyPath: m_LocalPosition.y
      value: 0.596
      objectReference: {fileID: 0}
    - target: {fileID: 9154786816908459710, guid: 5883f24f41de67047b92bc6a05967538, type: 3}
      propertyPath: m_LocalPosition.z
      value: 0.206
      objectReference: {fileID: 0}
    - target: {fileID: 9154786816908459710, guid: 5883f24f41de67047b92bc6a05967538, type: 3}
      propertyPath: m_LocalRotation.w
      value: 1
      objectReference: {fileID: 0}
    - target: {fileID: 9154786816908459710, guid: 5883f24f41de67047b92bc6a05967538, type: 3}
      propertyPath: m_LocalRotation.x
      value: 0
      objectReference: {fileID: 0}
    - target: {fileID: 9154786816908459710, guid: 5883f24f41de67047b92bc6a05967538, type: 3}
      propertyPath: m_LocalRotation.y
      value: 0
      objectReference: {fileID: 0}
    - target: {fileID: 9154786816908459710, guid: 5883f24f41de67047b92bc6a05967538, type: 3}
      propertyPath: m_LocalRotation.z
      value: 0
      objectReference: {fileID: 0}
    - target: {fileID: 9154786816908459710, guid: 5883f24f41de67047b92bc6a05967538, type: 3}
      propertyPath: m_LocalEulerAnglesHint.x
      value: 0
      objectReference: {fileID: 0}
    - target: {fileID: 9154786816908459710, guid: 5883f24f41de67047b92bc6a05967538, type: 3}
      propertyPath: m_LocalEulerAnglesHint.y
      value: 0
      objectReference: {fileID: 0}
    - target: {fileID: 9154786816908459710, guid: 5883f24f41de67047b92bc6a05967538, type: 3}
      propertyPath: m_LocalEulerAnglesHint.z
      value: 0
      objectReference: {fileID: 0}
    m_RemovedComponents:
    - {fileID: 1507709140800944582, guid: 5883f24f41de67047b92bc6a05967538, type: 3}
    - {fileID: 9154786816908459711, guid: 5883f24f41de67047b92bc6a05967538, type: 3}
  m_SourcePrefab: {fileID: 100100000, guid: 5883f24f41de67047b92bc6a05967538, type: 3}
--- !u!4 &221354045952599684 stripped
Transform:
  m_CorrespondingSourceObject: {fileID: 9154786816908459710, guid: 5883f24f41de67047b92bc6a05967538, type: 3}
  m_PrefabInstance: {fileID: 8943654422900660282}
  m_PrefabAsset: {fileID: 0}
