%YAML 1.1
%TAG !u! tag:unity3d.com,2011:
--- !u!1 &6396792953078648506
GameObject:
  m_ObjectHideFlags: 0
  m_CorrespondingSourceObject: {fileID: 0}
  m_PrefabInstance: {fileID: 0}
  m_PrefabAsset: {fileID: 0}
  serializedVersion: 6
  m_Component:
  - component: {fileID: 6020795794146841600}
  - component: {fileID: 7215314663578721189}
  - component: {fileID: 4883315128949682031}
  - component: {fileID: 5718722775258070848}
  m_Layer: 0
  m_Name: M_DM_All_Root_Big.002
  m_TagString: Untagged
  m_Icon: {fileID: 0}
  m_NavMeshLayer: 0
  m_StaticEditorFlags: 4294967295
  m_IsActive: 1
--- !u!4 &6020795794146841600
Transform:
  m_ObjectHideFlags: 0
  m_CorrespondingSourceObject: {fileID: 0}
  m_PrefabInstance: {fileID: 0}
  m_PrefabAsset: {fileID: 0}
  m_GameObject: {fileID: 6396792953078648506}
  m_LocalRotation: {x: 0, y: 0, z: 0, w: 1}
  m_LocalPosition: {x: 0, y: 0, z: 0}
  m_LocalScale: {x: 1, y: 1, z: 1}
  m_Children:
  - {fileID: 6042768421523769571}
  - {fileID: 2208108326450696125}
  - {fileID: 531343438249592011}
  - {fileID: 6626249773864438306}
  - {fileID: 7615931095157150327}
  - {fileID: 7747889083128746436}
  - {fileID: 4677466048574276352}
  - {fileID: 5470200038229421507}
  - {fileID: 7539685876411550053}
  m_Father: {fileID: 0}
  m_RootOrder: 0
  m_LocalEulerAnglesHint: {x: 0, y: 0, z: 0}
--- !u!33 &7215314663578721189
MeshFilter:
  m_ObjectHideFlags: 0
  m_CorrespondingSourceObject: {fileID: 0}
  m_PrefabInstance: {fileID: 0}
  m_PrefabAsset: {fileID: 0}
  m_GameObject: {fileID: 6396792953078648506}
  m_Mesh: {fileID: -8669734092864880339, guid: 3429eba92bed9984fa7fb21a550141d7, type: 3}
--- !u!23 &4883315128949682031
MeshRenderer:
  m_ObjectHideFlags: 0
  m_CorrespondingSourceObject: {fileID: 0}
  m_PrefabInstance: {fileID: 0}
  m_PrefabAsset: {fileID: 0}
  m_GameObject: {fileID: 6396792953078648506}
  m_Enabled: 1
  m_CastShadows: 1
  m_ReceiveShadows: 1
  m_DynamicOccludee: 1
  m_MotionVectors: 1
  m_LightProbeUsage: 1
  m_ReflectionProbeUsage: 1
  m_RayTracingMode: 2
  m_RayTraceProcedural: 0
  m_RenderingLayerMask: 1
  m_RendererPriority: 0
  m_Materials:
  - {fileID: 2100000, guid: 58156e373dcb24f4a930bf22d3cae88a, type: 2}
  m_StaticBatchInfo:
    firstSubMesh: 0
    subMeshCount: 0
  m_StaticBatchRoot: {fileID: 0}
  m_ProbeAnchor: {fileID: 0}
  m_LightProbeVolumeOverride: {fileID: 0}
  m_ScaleInLightmap: 4
  m_ReceiveGI: 1
  m_PreserveUVs: 0
  m_IgnoreNormalsForChartDetection: 0
  m_ImportantGI: 0
  m_StitchLightmapSeams: 1
  m_SelectedEditorRenderState: 3
  m_MinimumChartSize: 4
  m_AutoUVMaxDistance: 0.5
  m_AutoUVMaxAngle: 89
  m_LightmapParameters: {fileID: 0}
  m_SortingLayerID: 0
  m_SortingLayer: 0
  m_SortingOrder: 0
  m_AdditionalVertexStreams: {fileID: 0}
--- !u!64 &5718722775258070848
MeshCollider:
  m_ObjectHideFlags: 0
  m_CorrespondingSourceObject: {fileID: 0}
  m_PrefabInstance: {fileID: 0}
  m_PrefabAsset: {fileID: 0}
  m_GameObject: {fileID: 6396792953078648506}
  m_Material: {fileID: 0}
  m_IsTrigger: 0
  m_Enabled: 1
  serializedVersion: 4
  m_Convex: 0
  m_CookingOptions: 30
  m_Mesh: {fileID: -8669734092864880339, guid: 3429eba92bed9984fa7fb21a550141d7, type: 3}
--- !u!1001 &95302030272345740
PrefabInstance:
  m_ObjectHideFlags: 0
  serializedVersion: 2
  m_Modification:
    m_TransformParent: {fileID: 6020795794146841600}
    m_Modifications:
    - target: {fileID: 7034424773395742194, guid: 849ebf9928454b848ad54770f641641e, type: 3}
      propertyPath: m_Name
      value: M_DM_All_Moss.003
      objectReference: {fileID: 0}
    - target: {fileID: 7697949887576778568, guid: 849ebf9928454b848ad54770f641641e, type: 3}
      propertyPath: m_RootOrder
      value: 5
      objectReference: {fileID: 0}
    - target: {fileID: 7697949887576778568, guid: 849ebf9928454b848ad54770f641641e, type: 3}
      propertyPath: m_LocalPosition.x
      value: -1.2311059
      objectReference: {fileID: 0}
    - target: {fileID: 7697949887576778568, guid: 849ebf9928454b848ad54770f641641e, type: 3}
      propertyPath: m_LocalPosition.y
      value: 3.355
      objectReference: {fileID: 0}
    - target: {fileID: 7697949887576778568, guid: 849ebf9928454b848ad54770f641641e, type: 3}
      propertyPath: m_LocalPosition.z
      value: 0.44686198
      objectReference: {fileID: 0}
    - target: {fileID: 7697949887576778568, guid: 849ebf9928454b848ad54770f641641e, type: 3}
      propertyPath: m_LocalRotation.w
      value: 0.990055
      objectReference: {fileID: 0}
    - target: {fileID: 7697949887576778568, guid: 849ebf9928454b848ad54770f641641e, type: 3}
      propertyPath: m_LocalRotation.x
      value: 0.1293305
      objectReference: {fileID: 0}
    - target: {fileID: 7697949887576778568, guid: 849ebf9928454b848ad54770f641641e, type: 3}
      propertyPath: m_LocalRotation.y
      value: -0.0071708513
      objectReference: {fileID: 0}
    - target: {fileID: 7697949887576778568, guid: 849ebf9928454b848ad54770f641641e, type: 3}
      propertyPath: m_LocalRotation.z
      value: 0.05489451
      objectReference: {fileID: 0}
    - target: {fileID: 7697949887576778568, guid: 849ebf9928454b848ad54770f641641e, type: 3}
      propertyPath: m_LocalEulerAnglesHint.x
      value: 14.885
      objectReference: {fileID: 0}
    - target: {fileID: 7697949887576778568, guid: 849ebf9928454b848ad54770f641641e, type: 3}
      propertyPath: m_LocalEulerAnglesHint.y
      value: 0
      objectReference: {fileID: 0}
    - target: {fileID: 7697949887576778568, guid: 849ebf9928454b848ad54770f641641e, type: 3}
      propertyPath: m_LocalEulerAnglesHint.z
      value: 6.347
      objectReference: {fileID: 0}
    - target: {fileID: 7880778034926108833, guid: 849ebf9928454b848ad54770f641641e, type: 3}
      propertyPath: StartAlreadyGrown
      value: 1
      objectReference: {fileID: 0}
    m_RemovedComponents: []
  m_SourcePrefab: {fileID: 100100000, guid: 849ebf9928454b848ad54770f641641e, type: 3}
--- !u!4 &7747889083128746436 stripped
Transform:
  m_CorrespondingSourceObject: {fileID: 7697949887576778568, guid: 849ebf9928454b848ad54770f641641e, type: 3}
  m_PrefabInstance: {fileID: 95302030272345740}
  m_PrefabAsset: {fileID: 0}
--- !u!1001 &2395511828671859339
PrefabInstance:
  m_ObjectHideFlags: 0
  serializedVersion: 2
  m_Modification:
    m_TransformParent: {fileID: 6020795794146841600}
    m_Modifications:
    - target: {fileID: 7034424773395742194, guid: 849ebf9928454b848ad54770f641641e, type: 3}
      propertyPath: m_Name
      value: M_DM_All_Moss.003 (1)
      objectReference: {fileID: 0}
    - target: {fileID: 7697949887576778568, guid: 849ebf9928454b848ad54770f641641e, type: 3}
      propertyPath: m_RootOrder
      value: 7
      objectReference: {fileID: 0}
    - target: {fileID: 7697949887576778568, guid: 849ebf9928454b848ad54770f641641e, type: 3}
      propertyPath: m_LocalPosition.x
      value: -4.573534
      objectReference: {fileID: 0}
    - target: {fileID: 7697949887576778568, guid: 849ebf9928454b848ad54770f641641e, type: 3}
      propertyPath: m_LocalPosition.y
      value: 0.47436857
      objectReference: {fileID: 0}
    - target: {fileID: 7697949887576778568, guid: 849ebf9928454b848ad54770f641641e, type: 3}
      propertyPath: m_LocalPosition.z
      value: 2.5375104
      objectReference: {fileID: 0}
    - target: {fileID: 7697949887576778568, guid: 849ebf9928454b848ad54770f641641e, type: 3}
      propertyPath: m_LocalRotation.w
      value: 1
      objectReference: {fileID: 0}
    - target: {fileID: 7697949887576778568, guid: 849ebf9928454b848ad54770f641641e, type: 3}
      propertyPath: m_LocalRotation.x
      value: -0
      objectReference: {fileID: 0}
    - target: {fileID: 7697949887576778568, guid: 849ebf9928454b848ad54770f641641e, type: 3}
      propertyPath: m_LocalRotation.y
      value: -0
      objectReference: {fileID: 0}
    - target: {fileID: 7697949887576778568, guid: 849ebf9928454b848ad54770f641641e, type: 3}
      propertyPath: m_LocalRotation.z
      value: -0
      objectReference: {fileID: 0}
    - target: {fileID: 7697949887576778568, guid: 849ebf9928454b848ad54770f641641e, type: 3}
      propertyPath: m_LocalEulerAnglesHint.x
      value: 0
      objectReference: {fileID: 0}
    - target: {fileID: 7697949887576778568, guid: 849ebf9928454b848ad54770f641641e, type: 3}
      propertyPath: m_LocalEulerAnglesHint.y
      value: 0
      objectReference: {fileID: 0}
    - target: {fileID: 7697949887576778568, guid: 849ebf9928454b848ad54770f641641e, type: 3}
      propertyPath: m_LocalEulerAnglesHint.z
      value: 0
      objectReference: {fileID: 0}
    - target: {fileID: 7880778034926108833, guid: 849ebf9928454b848ad54770f641641e, type: 3}
      propertyPath: StartAlreadyGrown
      value: 1
      objectReference: {fileID: 0}
    m_RemovedComponents: []
  m_SourcePrefab: {fileID: 100100000, guid: 849ebf9928454b848ad54770f641641e, type: 3}
--- !u!4 &5470200038229421507 stripped
Transform:
  m_CorrespondingSourceObject: {fileID: 7697949887576778568, guid: 849ebf9928454b848ad54770f641641e, type: 3}
  m_PrefabInstance: {fileID: 2395511828671859339}
  m_PrefabAsset: {fileID: 0}
--- !u!1001 &2909665469444771615
PrefabInstance:
  m_ObjectHideFlags: 0
  serializedVersion: 2
  m_Modification:
    m_TransformParent: {fileID: 6020795794146841600}
    m_Modifications:
    - target: {fileID: 589569653663389298, guid: 89f2bbab33f62704abd9d139961fea7c, type: 3}
      propertyPath: m_Materials.Array.data[0]
      value: 
      objectReference: {fileID: 0}
    - target: {fileID: 589569653663389298, guid: 89f2bbab33f62704abd9d139961fea7c, type: 3}
      propertyPath: m_Materials.Array.data[1]
      value: 
      objectReference: {fileID: 0}
    - target: {fileID: 589569653663389298, guid: 89f2bbab33f62704abd9d139961fea7c, type: 3}
      propertyPath: m_Materials.Array.data[2]
      value: 
      objectReference: {fileID: 0}
    - target: {fileID: 5031193675245977681, guid: 89f2bbab33f62704abd9d139961fea7c, type: 3}
      propertyPath: m_Materials.Array.data[0]
      value: 
      objectReference: {fileID: 0}
    - target: {fileID: 5031193675245977681, guid: 89f2bbab33f62704abd9d139961fea7c, type: 3}
      propertyPath: m_Materials.Array.data[1]
      value: 
      objectReference: {fileID: 0}
    - target: {fileID: 8139935430189964614, guid: 89f2bbab33f62704abd9d139961fea7c, type: 3}
      propertyPath: m_Name
      value: M_DM_All_Ivy.002
      objectReference: {fileID: 0}
    - target: {fileID: 8916296620243847164, guid: 89f2bbab33f62704abd9d139961fea7c, type: 3}
      propertyPath: m_RootOrder
      value: 0
      objectReference: {fileID: 0}
    - target: {fileID: 8916296620243847164, guid: 89f2bbab33f62704abd9d139961fea7c, type: 3}
      propertyPath: m_LocalPosition.x
      value: -0.073
      objectReference: {fileID: 0}
    - target: {fileID: 8916296620243847164, guid: 89f2bbab33f62704abd9d139961fea7c, type: 3}
      propertyPath: m_LocalPosition.y
      value: 2.75
      objectReference: {fileID: 0}
    - target: {fileID: 8916296620243847164, guid: 89f2bbab33f62704abd9d139961fea7c, type: 3}
      propertyPath: m_LocalPosition.z
      value: -0.583
      objectReference: {fileID: 0}
    - target: {fileID: 8916296620243847164, guid: 89f2bbab33f62704abd9d139961fea7c, type: 3}
      propertyPath: m_LocalRotation.w
      value: 0.94499135
      objectReference: {fileID: 0}
    - target: {fileID: 8916296620243847164, guid: 89f2bbab33f62704abd9d139961fea7c, type: 3}
      propertyPath: m_LocalRotation.x
      value: -0
      objectReference: {fileID: 0}
    - target: {fileID: 8916296620243847164, guid: 89f2bbab33f62704abd9d139961fea7c, type: 3}
      propertyPath: m_LocalRotation.y
      value: 0.32709542
      objectReference: {fileID: 0}
    - target: {fileID: 8916296620243847164, guid: 89f2bbab33f62704abd9d139961fea7c, type: 3}
      propertyPath: m_LocalRotation.z
      value: -0
      objectReference: {fileID: 0}
    - target: {fileID: 8916296620243847164, guid: 89f2bbab33f62704abd9d139961fea7c, type: 3}
      propertyPath: m_LocalEulerAnglesHint.x
      value: 0
      objectReference: {fileID: 0}
    - target: {fileID: 8916296620243847164, guid: 89f2bbab33f62704abd9d139961fea7c, type: 3}
      propertyPath: m_LocalEulerAnglesHint.y
      value: 38.185
      objectReference: {fileID: 0}
    - target: {fileID: 8916296620243847164, guid: 89f2bbab33f62704abd9d139961fea7c, type: 3}
      propertyPath: m_LocalEulerAnglesHint.z
      value: 0
      objectReference: {fileID: 0}
    m_RemovedComponents: []
  m_SourcePrefab: {fileID: 100100000, guid: 89f2bbab33f62704abd9d139961fea7c, type: 3}
--- !u!4 &6042768421523769571 stripped
Transform:
  m_CorrespondingSourceObject: {fileID: 8916296620243847164, guid: 89f2bbab33f62704abd9d139961fea7c, type: 3}
  m_PrefabInstance: {fileID: 2909665469444771615}
  m_PrefabAsset: {fileID: 0}
--- !u!1001 &3337210297625139845
PrefabInstance:
  m_ObjectHideFlags: 0
  serializedVersion: 2
  m_Modification:
    m_TransformParent: {fileID: 6020795794146841600}
    m_Modifications:
    - target: {fileID: 7346010013618455359, guid: bbb5d7968ae6d534f90c99d3a660bc7e, type: 3}
      propertyPath: m_Name
      value: M_DM_All_Moss.002
      objectReference: {fileID: 0}
    - target: {fileID: 7580452067869589091, guid: bbb5d7968ae6d534f90c99d3a660bc7e, type: 3}
      propertyPath: StartAlreadyGrown
      value: 1
      objectReference: {fileID: 0}
    - target: {fileID: 7978572606221621637, guid: bbb5d7968ae6d534f90c99d3a660bc7e, type: 3}
      propertyPath: m_RootOrder
      value: 6
      objectReference: {fileID: 0}
    - target: {fileID: 7978572606221621637, guid: bbb5d7968ae6d534f90c99d3a660bc7e, type: 3}
      propertyPath: m_LocalPosition.x
      value: -2.6451232
      objectReference: {fileID: 0}
    - target: {fileID: 7978572606221621637, guid: bbb5d7968ae6d534f90c99d3a660bc7e, type: 3}
      propertyPath: m_LocalPosition.y
      value: 0.5286417
      objectReference: {fileID: 0}
    - target: {fileID: 7978572606221621637, guid: bbb5d7968ae6d534f90c99d3a660bc7e, type: 3}
      propertyPath: m_LocalPosition.z
      value: 3.8960693
      objectReference: {fileID: 0}
    - target: {fileID: 7978572606221621637, guid: bbb5d7968ae6d534f90c99d3a660bc7e, type: 3}
      propertyPath: m_LocalRotation.w
      value: 1
      objectReference: {fileID: 0}
    - target: {fileID: 7978572606221621637, guid: bbb5d7968ae6d534f90c99d3a660bc7e, type: 3}
      propertyPath: m_LocalRotation.x
      value: -0
      objectReference: {fileID: 0}
    - target: {fileID: 7978572606221621637, guid: bbb5d7968ae6d534f90c99d3a660bc7e, type: 3}
      propertyPath: m_LocalRotation.y
      value: -0
      objectReference: {fileID: 0}
    - target: {fileID: 7978572606221621637, guid: bbb5d7968ae6d534f90c99d3a660bc7e, type: 3}
      propertyPath: m_LocalRotation.z
      value: -0
      objectReference: {fileID: 0}
    - target: {fileID: 7978572606221621637, guid: bbb5d7968ae6d534f90c99d3a660bc7e, type: 3}
      propertyPath: m_LocalEulerAnglesHint.x
      value: 0
      objectReference: {fileID: 0}
    - target: {fileID: 7978572606221621637, guid: bbb5d7968ae6d534f90c99d3a660bc7e, type: 3}
      propertyPath: m_LocalEulerAnglesHint.y
      value: 0
      objectReference: {fileID: 0}
    - target: {fileID: 7978572606221621637, guid: bbb5d7968ae6d534f90c99d3a660bc7e, type: 3}
      propertyPath: m_LocalEulerAnglesHint.z
      value: 0
      objectReference: {fileID: 0}
    m_RemovedComponents: []
  m_SourcePrefab: {fileID: 100100000, guid: bbb5d7968ae6d534f90c99d3a660bc7e, type: 3}
--- !u!4 &4677466048574276352 stripped
Transform:
  m_CorrespondingSourceObject: {fileID: 7978572606221621637, guid: bbb5d7968ae6d534f90c99d3a660bc7e, type: 3}
  m_PrefabInstance: {fileID: 3337210297625139845}
  m_PrefabAsset: {fileID: 0}
--- !u!1001 &3791666215018622947
PrefabInstance:
  m_ObjectHideFlags: 0
  serializedVersion: 2
  m_Modification:
    m_TransformParent: {fileID: 6020795794146841600}
    m_Modifications:
    - target: {fileID: 2055173793512189329, guid: 7136a22de91b9e14ea4bc76ea34868cb, type: 3}
      propertyPath: m_Materials.Array.data[0]
      value: 
      objectReference: {fileID: 0}
    - target: {fileID: 2055173793512189329, guid: 7136a22de91b9e14ea4bc76ea34868cb, type: 3}
      propertyPath: m_Materials.Array.data[1]
      value: 
      objectReference: {fileID: 0}
    - target: {fileID: 2055173793512189329, guid: 7136a22de91b9e14ea4bc76ea34868cb, type: 3}
      propertyPath: m_Materials.Array.data[2]
      value: 
      objectReference: {fileID: 0}
    - target: {fileID: 2409885581725514468, guid: 7136a22de91b9e14ea4bc76ea34868cb, type: 3}
      propertyPath: m_Name
      value: M_DM_All_Ivy.003
      objectReference: {fileID: 0}
    - target: {fileID: 3042870425519775838, guid: 7136a22de91b9e14ea4bc76ea34868cb, type: 3}
      propertyPath: m_RootOrder
      value: 1
      objectReference: {fileID: 0}
    - target: {fileID: 3042870425519775838, guid: 7136a22de91b9e14ea4bc76ea34868cb, type: 3}
      propertyPath: m_LocalPosition.x
      value: -1.2954493
      objectReference: {fileID: 0}
    - target: {fileID: 3042870425519775838, guid: 7136a22de91b9e14ea4bc76ea34868cb, type: 3}
      propertyPath: m_LocalPosition.y
      value: 2.75
      objectReference: {fileID: 0}
    - target: {fileID: 3042870425519775838, guid: 7136a22de91b9e14ea4bc76ea34868cb, type: 3}
      propertyPath: m_LocalPosition.z
      value: 0.7197583
      objectReference: {fileID: 0}
    - target: {fileID: 3042870425519775838, guid: 7136a22de91b9e14ea4bc76ea34868cb, type: 3}
      propertyPath: m_LocalRotation.w
      value: 0.89187694
      objectReference: {fileID: 0}
    - target: {fileID: 3042870425519775838, guid: 7136a22de91b9e14ea4bc76ea34868cb, type: 3}
      propertyPath: m_LocalRotation.x
      value: -0
      objectReference: {fileID: 0}
    - target: {fileID: 3042870425519775838, guid: 7136a22de91b9e14ea4bc76ea34868cb, type: 3}
      propertyPath: m_LocalRotation.y
      value: 0.45227832
      objectReference: {fileID: 0}
    - target: {fileID: 3042870425519775838, guid: 7136a22de91b9e14ea4bc76ea34868cb, type: 3}
      propertyPath: m_LocalRotation.z
      value: -0
      objectReference: {fileID: 0}
    - target: {fileID: 3042870425519775838, guid: 7136a22de91b9e14ea4bc76ea34868cb, type: 3}
      propertyPath: m_LocalEulerAnglesHint.x
      value: 0
      objectReference: {fileID: 0}
    - target: {fileID: 3042870425519775838, guid: 7136a22de91b9e14ea4bc76ea34868cb, type: 3}
      propertyPath: m_LocalEulerAnglesHint.y
      value: 53.78
      objectReference: {fileID: 0}
    - target: {fileID: 3042870425519775838, guid: 7136a22de91b9e14ea4bc76ea34868cb, type: 3}
      propertyPath: m_LocalEulerAnglesHint.z
      value: 0
      objectReference: {fileID: 0}
    - target: {fileID: 4171346618863787343, guid: 7136a22de91b9e14ea4bc76ea34868cb, type: 3}
      propertyPath: m_Materials.Array.data[0]
      value: 
      objectReference: {fileID: 0}
    - target: {fileID: 4171346618863787343, guid: 7136a22de91b9e14ea4bc76ea34868cb, type: 3}
      propertyPath: m_Materials.Array.data[1]
      value: 
      objectReference: {fileID: 0}
    m_RemovedComponents: []
  m_SourcePrefab: {fileID: 100100000, guid: 7136a22de91b9e14ea4bc76ea34868cb, type: 3}
--- !u!4 &2208108326450696125 stripped
Transform:
  m_CorrespondingSourceObject: {fileID: 3042870425519775838, guid: 7136a22de91b9e14ea4bc76ea34868cb, type: 3}
  m_PrefabInstance: {fileID: 3791666215018622947}
  m_PrefabAsset: {fileID: 0}
--- !u!1001 &6664328501397354126
PrefabInstance:
  m_ObjectHideFlags: 0
  serializedVersion: 2
  m_Modification:
    m_TransformParent: {fileID: 6020795794146841600}
    m_Modifications:
    - target: {fileID: 3698742068210554882, guid: 4caa19e15994c02419963aa77b307e8e, type: 3}
      propertyPath: StartAlreadyGrown
      value: 1
      objectReference: {fileID: 0}
    - target: {fileID: 3809529807306670059, guid: 4caa19e15994c02419963aa77b307e8e, type: 3}
      propertyPath: m_RootOrder
      value: 8
      objectReference: {fileID: 0}
    - target: {fileID: 3809529807306670059, guid: 4caa19e15994c02419963aa77b307e8e, type: 3}
      propertyPath: m_LocalPosition.x
      value: -3.5310302
      objectReference: {fileID: 0}
    - target: {fileID: 3809529807306670059, guid: 4caa19e15994c02419963aa77b307e8e, type: 3}
      propertyPath: m_LocalPosition.y
      value: 0.5899699
      objectReference: {fileID: 0}
    - target: {fileID: 3809529807306670059, guid: 4caa19e15994c02419963aa77b307e8e, type: 3}
      propertyPath: m_LocalPosition.z
      value: 1.7313426
      objectReference: {fileID: 0}
    - target: {fileID: 3809529807306670059, guid: 4caa19e15994c02419963aa77b307e8e, type: 3}
      propertyPath: m_LocalRotation.w
      value: 0.84428847
      objectReference: {fileID: 0}
    - target: {fileID: 3809529807306670059, guid: 4caa19e15994c02419963aa77b307e8e, type: 3}
      propertyPath: m_LocalRotation.x
      value: -0.3245801
      objectReference: {fileID: 0}
    - target: {fileID: 3809529807306670059, guid: 4caa19e15994c02419963aa77b307e8e, type: 3}
      propertyPath: m_LocalRotation.y
      value: 0.15301187
      objectReference: {fileID: 0}
    - target: {fileID: 3809529807306670059, guid: 4caa19e15994c02419963aa77b307e8e, type: 3}
      propertyPath: m_LocalRotation.z
      value: 0.39801022
      objectReference: {fileID: 0}
    - target: {fileID: 3809529807306670059, guid: 4caa19e15994c02419963aa77b307e8e, type: 3}
      propertyPath: m_LocalEulerAnglesHint.x
      value: -42.058
      objectReference: {fileID: 0}
    - target: {fileID: 3809529807306670059, guid: 4caa19e15994c02419963aa77b307e8e, type: 3}
      propertyPath: m_LocalEulerAnglesHint.y
      value: 0
      objectReference: {fileID: 0}
    - target: {fileID: 3809529807306670059, guid: 4caa19e15994c02419963aa77b307e8e, type: 3}
      propertyPath: m_LocalEulerAnglesHint.z
      value: 50.48
      objectReference: {fileID: 0}
    - target: {fileID: 4581844729929852241, guid: 4caa19e15994c02419963aa77b307e8e, type: 3}
      propertyPath: m_Name
      value: M_DM_All_Moss.004 (1)
      objectReference: {fileID: 0}
    m_RemovedComponents: []
  m_SourcePrefab: {fileID: 100100000, guid: 4caa19e15994c02419963aa77b307e8e, type: 3}
--- !u!4 &7539685876411550053 stripped
Transform:
  m_CorrespondingSourceObject: {fileID: 3809529807306670059, guid: 4caa19e15994c02419963aa77b307e8e, type: 3}
  m_PrefabInstance: {fileID: 6664328501397354126}
  m_PrefabAsset: {fileID: 0}
--- !u!1001 &6732621785930870172
PrefabInstance:
  m_ObjectHideFlags: 0
  serializedVersion: 2
  m_Modification:
    m_TransformParent: {fileID: 6020795794146841600}
    m_Modifications:
    - target: {fileID: 3698742068210554882, guid: 4caa19e15994c02419963aa77b307e8e, type: 3}
      propertyPath: StartAlreadyGrown
      value: 1
      objectReference: {fileID: 0}
    - target: {fileID: 3809529807306670059, guid: 4caa19e15994c02419963aa77b307e8e, type: 3}
      propertyPath: m_RootOrder
      value: 4
      objectReference: {fileID: 0}
    - target: {fileID: 3809529807306670059, guid: 4caa19e15994c02419963aa77b307e8e, type: 3}
      propertyPath: m_LocalPosition.x
      value: -2.45788
      objectReference: {fileID: 0}
    - target: {fileID: 3809529807306670059, guid: 4caa19e15994c02419963aa77b307e8e, type: 3}
      propertyPath: m_LocalPosition.y
      value: 2.2409863
      objectReference: {fileID: 0}
    - target: {fileID: 3809529807306670059, guid: 4caa19e15994c02419963aa77b307e8e, type: 3}
      propertyPath: m_LocalPosition.z
      value: 2.2532797
      objectReference: {fileID: 0}
    - target: {fileID: 3809529807306670059, guid: 4caa19e15994c02419963aa77b307e8e, type: 3}
      propertyPath: m_LocalRotation.w
      value: 0.967467
      objectReference: {fileID: 0}
    - target: {fileID: 3809529807306670059, guid: 4caa19e15994c02419963aa77b307e8e, type: 3}
      propertyPath: m_LocalRotation.x
      value: 0.21520644
      objectReference: {fileID: 0}
    - target: {fileID: 3809529807306670059, guid: 4caa19e15994c02419963aa77b307e8e, type: 3}
      propertyPath: m_LocalRotation.y
      value: -0.028883038
      objectReference: {fileID: 0}
    - target: {fileID: 3809529807306670059, guid: 4caa19e15994c02419963aa77b307e8e, type: 3}
      propertyPath: m_LocalRotation.z
      value: 0.12984456
      objectReference: {fileID: 0}
    - target: {fileID: 3809529807306670059, guid: 4caa19e15994c02419963aa77b307e8e, type: 3}
      propertyPath: m_LocalEulerAnglesHint.x
      value: 25.082
      objectReference: {fileID: 0}
    - target: {fileID: 3809529807306670059, guid: 4caa19e15994c02419963aa77b307e8e, type: 3}
      propertyPath: m_LocalEulerAnglesHint.y
      value: 0
      objectReference: {fileID: 0}
    - target: {fileID: 3809529807306670059, guid: 4caa19e15994c02419963aa77b307e8e, type: 3}
      propertyPath: m_LocalEulerAnglesHint.z
      value: 15.288
      objectReference: {fileID: 0}
    - target: {fileID: 4581844729929852241, guid: 4caa19e15994c02419963aa77b307e8e, type: 3}
      propertyPath: m_Name
      value: M_DM_All_Moss.004
      objectReference: {fileID: 0}
    m_RemovedComponents: []
  m_SourcePrefab: {fileID: 100100000, guid: 4caa19e15994c02419963aa77b307e8e, type: 3}
--- !u!4 &7615931095157150327 stripped
Transform:
  m_CorrespondingSourceObject: {fileID: 3809529807306670059, guid: 4caa19e15994c02419963aa77b307e8e, type: 3}
  m_PrefabInstance: {fileID: 6732621785930870172}
  m_PrefabAsset: {fileID: 0}
--- !u!1001 &8200871888836504188
PrefabInstance:
  m_ObjectHideFlags: 0
  serializedVersion: 2
  m_Modification:
    m_TransformParent: {fileID: 6020795794146841600}
    m_Modifications:
    - target: {fileID: 2055173793512189329, guid: 7136a22de91b9e14ea4bc76ea34868cb, type: 3}
      propertyPath: m_Materials.Array.data[0]
      value: 
      objectReference: {fileID: 0}
    - target: {fileID: 2055173793512189329, guid: 7136a22de91b9e14ea4bc76ea34868cb, type: 3}
      propertyPath: m_Materials.Array.data[1]
      value: 
      objectReference: {fileID: 0}
    - target: {fileID: 2055173793512189329, guid: 7136a22de91b9e14ea4bc76ea34868cb, type: 3}
      propertyPath: m_Materials.Array.data[2]
      value: 
      objectReference: {fileID: 0}
    - target: {fileID: 2409885581725514468, guid: 7136a22de91b9e14ea4bc76ea34868cb, type: 3}
      propertyPath: m_Name
      value: M_DM_All_Ivy.003 (1)
      objectReference: {fileID: 0}
    - target: {fileID: 3042870425519775838, guid: 7136a22de91b9e14ea4bc76ea34868cb, type: 3}
      propertyPath: m_RootOrder
      value: 3
      objectReference: {fileID: 0}
    - target: {fileID: 3042870425519775838, guid: 7136a22de91b9e14ea4bc76ea34868cb, type: 3}
      propertyPath: m_LocalPosition.x
      value: -1.73
      objectReference: {fileID: 0}
    - target: {fileID: 3042870425519775838, guid: 7136a22de91b9e14ea4bc76ea34868cb, type: 3}
      propertyPath: m_LocalPosition.y
      value: 2.635
      objectReference: {fileID: 0}
    - target: {fileID: 3042870425519775838, guid: 7136a22de91b9e14ea4bc76ea34868cb, type: 3}
      propertyPath: m_LocalPosition.z
      value: 0.31
      objectReference: {fileID: 0}
    - target: {fileID: 3042870425519775838, guid: 7136a22de91b9e14ea4bc76ea34868cb, type: 3}
      propertyPath: m_LocalRotation.w
      value: 0.3319962
      objectReference: {fileID: 0}
    - target: {fileID: 3042870425519775838, guid: 7136a22de91b9e14ea4bc76ea34868cb, type: 3}
      propertyPath: m_LocalRotation.x
      value: -0
      objectReference: {fileID: 0}
    - target: {fileID: 3042870425519775838, guid: 7136a22de91b9e14ea4bc76ea34868cb, type: 3}
      propertyPath: m_LocalRotation.y
      value: -0.9432808
      objectReference: {fileID: 0}
    - target: {fileID: 3042870425519775838, guid: 7136a22de91b9e14ea4bc76ea34868cb, type: 3}
      propertyPath: m_LocalRotation.z
      value: -0
      objectReference: {fileID: 0}
    - target: {fileID: 3042870425519775838, guid: 7136a22de91b9e14ea4bc76ea34868cb, type: 3}
      propertyPath: m_LocalEulerAnglesHint.x
      value: 0
      objectReference: {fileID: 0}
    - target: {fileID: 3042870425519775838, guid: 7136a22de91b9e14ea4bc76ea34868cb, type: 3}
      propertyPath: m_LocalEulerAnglesHint.y
      value: -141.22
      objectReference: {fileID: 0}
    - target: {fileID: 3042870425519775838, guid: 7136a22de91b9e14ea4bc76ea34868cb, type: 3}
      propertyPath: m_LocalEulerAnglesHint.z
      value: 0
      objectReference: {fileID: 0}
    - target: {fileID: 4171346618863787343, guid: 7136a22de91b9e14ea4bc76ea34868cb, type: 3}
      propertyPath: m_Materials.Array.data[0]
      value: 
      objectReference: {fileID: 0}
    - target: {fileID: 4171346618863787343, guid: 7136a22de91b9e14ea4bc76ea34868cb, type: 3}
      propertyPath: m_Materials.Array.data[1]
      value: 
      objectReference: {fileID: 0}
    m_RemovedComponents: []
  m_SourcePrefab: {fileID: 100100000, guid: 7136a22de91b9e14ea4bc76ea34868cb, type: 3}
--- !u!4 &6626249773864438306 stripped
Transform:
  m_CorrespondingSourceObject: {fileID: 3042870425519775838, guid: 7136a22de91b9e14ea4bc76ea34868cb, type: 3}
  m_PrefabInstance: {fileID: 8200871888836504188}
  m_PrefabAsset: {fileID: 0}
--- !u!1001 &8998960079981806391
PrefabInstance:
  m_ObjectHideFlags: 0
  serializedVersion: 2
  m_Modification:
    m_TransformParent: {fileID: 6020795794146841600}
    m_Modifications:
    - target: {fileID: 589569653663389298, guid: 89f2bbab33f62704abd9d139961fea7c, type: 3}
      propertyPath: m_Materials.Array.data[0]
      value: 
      objectReference: {fileID: 0}
    - target: {fileID: 589569653663389298, guid: 89f2bbab33f62704abd9d139961fea7c, type: 3}
      propertyPath: m_Materials.Array.data[1]
      value: 
      objectReference: {fileID: 0}
    - target: {fileID: 589569653663389298, guid: 89f2bbab33f62704abd9d139961fea7c, type: 3}
      propertyPath: m_Materials.Array.data[2]
      value: 
      objectReference: {fileID: 0}
    - target: {fileID: 5031193675245977681, guid: 89f2bbab33f62704abd9d139961fea7c, type: 3}
      propertyPath: m_Materials.Array.data[0]
      value: 
      objectReference: {fileID: 0}
    - target: {fileID: 5031193675245977681, guid: 89f2bbab33f62704abd9d139961fea7c, type: 3}
      propertyPath: m_Materials.Array.data[1]
      value: 
      objectReference: {fileID: 0}
    - target: {fileID: 8139935430189964614, guid: 89f2bbab33f62704abd9d139961fea7c, type: 3}
      propertyPath: m_Name
      value: M_DM_All_Ivy.002 (1)
      objectReference: {fileID: 0}
    - target: {fileID: 8916296620243847164, guid: 89f2bbab33f62704abd9d139961fea7c, type: 3}
      propertyPath: m_RootOrder
      value: 2
      objectReference: {fileID: 0}
    - target: {fileID: 8916296620243847164, guid: 89f2bbab33f62704abd9d139961fea7c, type: 3}
      propertyPath: m_LocalScale.x
      value: -1
      objectReference: {fileID: 0}
    - target: {fileID: 8916296620243847164, guid: 89f2bbab33f62704abd9d139961fea7c, type: 3}
      propertyPath: m_LocalPosition.x
      value: -0.625
      objectReference: {fileID: 0}
    - target: {fileID: 8916296620243847164, guid: 89f2bbab33f62704abd9d139961fea7c, type: 3}
      propertyPath: m_LocalPosition.y
      value: 2.75
      objectReference: {fileID: 0}
    - target: {fileID: 8916296620243847164, guid: 89f2bbab33f62704abd9d139961fea7c, type: 3}
      propertyPath: m_LocalPosition.z
      value: -0.979
      objectReference: {fileID: 0}
    - target: {fileID: 8916296620243847164, guid: 89f2bbab33f62704abd9d139961fea7c, type: 3}
      propertyPath: m_LocalRotation.w
      value: 0.37062874
      objectReference: {fileID: 0}
    - target: {fileID: 8916296620243847164, guid: 89f2bbab33f62704abd9d139961fea7c, type: 3}
      propertyPath: m_LocalRotation.x
      value: -0
      objectReference: {fileID: 0}
    - target: {fileID: 8916296620243847164, guid: 89f2bbab33f62704abd9d139961fea7c, type: 3}
      propertyPath: m_LocalRotation.y
      value: -0.9287811
      objectReference: {fileID: 0}
    - target: {fileID: 8916296620243847164, guid: 89f2bbab33f62704abd9d139961fea7c, type: 3}
      propertyPath: m_LocalRotation.z
      value: -0
      objectReference: {fileID: 0}
    - target: {fileID: 8916296620243847164, guid: 89f2bbab33f62704abd9d139961fea7c, type: 3}
      propertyPath: m_LocalEulerAnglesHint.x
      value: 0
      objectReference: {fileID: 0}
    - target: {fileID: 8916296620243847164, guid: 89f2bbab33f62704abd9d139961fea7c, type: 3}
      propertyPath: m_LocalEulerAnglesHint.y
      value: -136.491
      objectReference: {fileID: 0}
    - target: {fileID: 8916296620243847164, guid: 89f2bbab33f62704abd9d139961fea7c, type: 3}
      propertyPath: m_LocalEulerAnglesHint.z
      value: 0
      objectReference: {fileID: 0}
    m_RemovedComponents: []
  m_SourcePrefab: {fileID: 100100000, guid: 89f2bbab33f62704abd9d139961fea7c, type: 3}
--- !u!4 &531343438249592011 stripped
Transform:
  m_CorrespondingSourceObject: {fileID: 8916296620243847164, guid: 89f2bbab33f62704abd9d139961fea7c, type: 3}
  m_PrefabInstance: {fileID: 8998960079981806391}
  m_PrefabAsset: {fileID: 0}
